<?xml version="1.0" encoding="UTF-8"?>
<OAI-PMH xmlns="http://www.openarchives.org/OAI/2.0/" xmlns:xsi="http://www.w3.org/2001/XMLSchema-instance" xsi:schemaLocation="http://www.openarchives.org/OAI/2.0/ http://www.openarchives.org/OAI/2.0/OAI-PMH.xsd">
  <ListRecords>
    <record>
      <header>
        <identifier>aleph-publish:001839115</identifier>
      </header>
      <metadata>
        <record xmlns="http://www.ddb.de/professionell/mabxml/mabxml-1.xsd">
          <leader>01077nM2.01200024------u</leader>
          <controlfield tag="LDR">01077nM2.01200024------u</controlfield>
          <controlfield tag="FMT">MU</controlfield>
          <datafield tag="001" ind1="-" ind2="1">
            <subfield code="a">HT018853244</subfield>
          </datafield>
          <datafield tag="001" ind1="-" ind2="2">
            <subfield code="a">HT001342599</subfield>
          </datafield>
          <datafield tag="002" ind1="a" ind2="1">
            <subfield code="a">20160111</subfield>
          </datafield>
          <datafield tag="002" ind1="a" ind2="2">
            <subfield code="a">19970515</subfield>
          </datafield>
          <datafield tag="003" ind1="-" ind2="1">
            <subfield code="a">20160203</subfield>
          </datafield>
          <datafield tag="003" ind1="-" ind2="2">
            <subfield code="a">20120419</subfield>
          </datafield>
          <datafield tag="010" ind1="-" ind2="1">
            <subfield code="a">HT001342599</subfield>
          </datafield>
          <datafield tag="020" ind1="b" ind2="1">
            <subfield code="a">BV043245106</subfield>
          </datafield>
          <datafield tag="026" ind1="-" ind2="1">
            <subfield code="a">OBVAC12718209</subfield>
          </datafield>
          <datafield tag="026" ind1="-" ind2="2">
            <subfield code="a">HBZHT001342599</subfield>
          </datafield>
          <controlfield tag="030">a|1drr|||||||</controlfield>
          <datafield tag="036" ind1="a" ind2="2">
            <subfield code="a">DE</subfield>
          </datafield>
          <datafield tag="037" ind1="b" ind2="1">
            <subfield code="a">ger</subfield>
            <subfield code="a">eng</subfield>
          </datafield>
          <controlfield tag="050">a|a|||||||||||</controlfield>
          <datafield tag="060" ind1="-" ind2="1">
            <subfield code="b">ntm</subfield>
            <subfield code="a">Noten</subfield>
          </datafield>
          <datafield tag="061" ind1="-" ind2="1">
            <subfield code="b">n</subfield>
            <subfield code="a">ohne Hilfsmittel zu benutzen</subfield>
          </datafield>
          <datafield tag="062" ind1="-" ind2="1">
            <subfield code="b">nc</subfield>
          </datafield>
          <datafield tag="064" ind1="c" ind2="1">
            <subfield code="a">Partitur</subfield>
            <subfield code="9">(DE-588)4173447-6</subfield>
          </datafield>
          <datafield tag="070" ind1="-" ind2="1">
            <subfield code="a">38</subfield>
          </datafield>
          <datafield tag="070" ind1="-" ind2="2">
            <subfield code="a">468</subfield>
          </datafield>
          <datafield tag="070" ind1="b" ind2="1">
            <subfield code="a">468</subfield>
          </datafield>
          <datafield tag="070" ind1="b" ind2="2">
            <subfield code="a">Kn 38</subfield>
          </datafield>
          <datafield tag="080" ind1="-" ind2="1">
            <subfield code="a">60</subfield>
          </datafield>
          <datafield tag="080" ind1="-" ind2="2">
            <subfield code="a">60</subfield>
          </datafield>
          <datafield tag="089" ind1="-" ind2="1">
            <subfield code="n">Band 34/35</subfield>
          </datafield>
          <datafield tag="090" ind1="-" ind2="1">
            <subfield code="a">34,35</subfield>
          </datafield>
          <datafield tag="100" ind1="-" ind2="1">
            <subfield code="p">Schütz, Heinrich</subfield>
            <subfield code="d">1585-1672</subfield>
            <subfield code="9">(DE-588)11861116X</subfield>
          </datafield>
          <datafield tag="100" ind1="-" ind2="2">
            <subfield code="p">Schütz, Heinrich</subfield>
            <subfield code="d">1585-1672</subfield>
            <subfield code="9">(DE-588)11861116X</subfield>
          </datafield>
          <datafield tag="104" ind1="b" ind2="1">
            <subfield code="p">Waczkat, Andreas</subfield>
            <subfield code="d">1964-</subfield>
            <subfield code="9">(DE-588)137347936</subfield>
            <subfield code="4">edt</subfield>
            <subfield code="3">Herausgeber</subfield>
          </datafield>
          <datafield tag="200" ind1="b" ind2="2">
            <subfield code="k">Internationale Heinrich-Schütz-Gesellschaft</subfield>
            <subfield code="9">(DE-588)1016713-4</subfield>
          </datafield>
          <datafield tag="204" ind1="b" ind2="2">
            <subfield code="k">Neue Schütz-Gesellschaft</subfield>
            <subfield code="9">(DE-588)5011212-0</subfield>
          </datafield>
          <datafield tag="303" ind1="t" ind2="1">
            <subfield code="p">Schütz, Heinrich</subfield>
            <subfield code="d">1585-1672</subfield>
            <subfield code="t">Unser Herr Jesus Christus in der Nacht, da er verraten ward</subfield>
            <subfield code="9">(DE-588)1080831924</subfield>
          </datafield>
          <datafield tag="303" ind1="t" ind2="1">
            <subfield code="p">Schütz, Heinrich</subfield>
            <subfield code="d">1585-1672</subfield>
            <subfield code="t">Gesang der drei Männer im feurigen Ofen</subfield>
            <subfield code="9">(DE-588)1080831541</subfield>
          </datafield>
          <datafield tag="304" ind1="b" ind2="2">
            <subfield code="a">Werke</subfield>
          </datafield>
          <datafield tag="331" ind1="-" ind2="1">
            <subfield code="a">Größere Kirchenkonzerte</subfield>
          </datafield>
          <datafield tag="331" ind1="-" ind2="2">
            <subfield code="a">Neue Ausgabe sämtlicher Werke</subfield>
          </datafield>
          <datafield tag="334" ind1="-" ind2="2">
            <subfield code="a">Musikdruck</subfield>
          </datafield>
          <datafield tag="359" ind1="-" ind2="1">
            <subfield code="a">Heinrich Schütz ; herausgegeben von Andreas Waczkat</subfield>
          </datafield>
          <datafield tag="359" ind1="-" ind2="2">
            <subfield code="a">Heinrich Schütz. Hrsg. im Auftr. der Neuen Schütz-Ges.</subfield>
          </datafield>
          <datafield tag="370" ind1="a" ind2="1">
            <subfield code="a">Gesang der dreyer Menner im feurig Ofen</subfield>
          </datafield>
          <datafield tag="410" ind1="-" ind2="2">
            <subfield code="a">Kassel [u.a.]</subfield>
          </datafield>
          <datafield tag="412" ind1="-" ind2="2">
            <subfield code="a">Bärenreiter</subfield>
          </datafield>
          <datafield tag="419" ind1="-" ind2="1">
            <subfield code="c">2015</subfield>
          </datafield>
          <datafield tag="425" ind1="b" ind2="2">
            <subfield code="a">1955</subfield>
          </datafield>
          <datafield tag="425" ind1="a" ind2="1">
            <subfield code="a">2015</subfield>
          </datafield>
          <datafield tag="433" ind1="-" ind2="1">
            <subfield code="a">1 Partitur (XI, 84 Seiten)</subfield>
          </datafield>
          <datafield tag="434" ind1="-" ind2="1">
            <subfield code="a">Faksimile</subfield>
          </datafield>
          <datafield tag="435" ind1="-" ind2="1">
            <subfield code="a">28 cm</subfield>
          </datafield>
          <datafield tag="501" ind1="-" ind2="1">
            <subfield code="a">Texte deutsch, Vorwort deutsch und englisch, kritischer Bericht deutsch</subfield>
          </datafield>
          <datafield tag="521" ind1="-" ind2="1">
            <subfield code="t">Gesang der drei Männer im feurigen Ofen (SWV 448)</subfield>
          </datafield>
          <datafield tag="521" ind1="-" ind2="1">
            <subfield code="t">Unser Herr Jesus Christus (SWV 495)</subfield>
          </datafield>
          <datafield tag="523" ind1="-" ind2="2">
            <subfield code="p">Erschienen</subfield>
            <subfield code="a">Bd. 1 - 40</subfield>
          </datafield>
          <datafield tag="541" ind1="-" ind2="1">
            <subfield code="a">979-0-006-49762-1</subfield>
          </datafield>
          <datafield tag="551" ind1="a" ind2="1">
            <subfield code="a">BA 4486-01</subfield>
          </datafield>
          <datafield tag="700" ind1="l" ind2="1">
            <subfield code="a">550</subfield>
          </datafield>
          <datafield tag="700" ind1="l" ind2="1">
            <subfield code="a">145</subfield>
          </datafield>
          <datafield tag="700" ind1="l" ind2="2">
            <subfield code="a">145</subfield>
          </datafield>
          <datafield tag="700" ind1="l" ind2="2">
            <subfield code="a">550</subfield>
          </datafield>
          <datafield tag="711" ind1="-" ind2="1">
            <subfield code="x">SW-Musik</subfield>
            <subfield code="a">Chormusik (geistlich)</subfield>
          </datafield>
          <controlfield tag="SYS">001839115</controlfield>
          <datafield tag="PPE" ind1="-" ind2="1">
            <subfield code="p">Schütz, ...</subfield>
            <subfield code="d">1585-1672</subfield>
            <subfield code="9">(DE-588)11861116X</subfield>
          </datafield>
          <datafield tag="PPE" ind1="-" ind2="1">
            <subfield code="p">Saettario, Enrico</subfield>
            <subfield code="d">1585-1672</subfield>
            <subfield code="9">(DE-588)11861116X</subfield>
          </datafield>
          <datafield tag="PPE" ind1="-" ind2="1">
            <subfield code="p">Schütz, Henrich</subfield>
            <subfield code="d">1585-1672</subfield>
            <subfield code="9">(DE-588)11861116X</subfield>
          </datafield>
          <datafield tag="PPE" ind1="-" ind2="1">
            <subfield code="p">Schütz, Hinrich</subfield>
            <subfield code="d">1585-1672</subfield>
            <subfield code="9">(DE-588)11861116X</subfield>
          </datafield>
          <datafield tag="PPE" ind1="-" ind2="1">
            <subfield code="p">Schütz, Henricus</subfield>
            <subfield code="d">1585-1672</subfield>
            <subfield code="9">(DE-588)11861116X</subfield>
          </datafield>
          <datafield tag="PPE" ind1="-" ind2="1">
            <subfield code="p">Schütz, H.</subfield>
            <subfield code="d">1585-1672</subfield>
            <subfield code="9">(DE-588)11861116X</subfield>
          </datafield>
          <datafield tag="PPE" ind1="-" ind2="1">
            <subfield code="p">Schütze, Henrich</subfield>
            <subfield code="d">1585-1672</subfield>
            <subfield code="9">(DE-588)11861116X</subfield>
          </datafield>
          <datafield tag="PPE" ind1="-" ind2="1">
            <subfield code="p">Schütze, Heinrich</subfield>
            <subfield code="d">1585-1672</subfield>
            <subfield code="9">(DE-588)11861116X</subfield>
          </datafield>
          <datafield tag="PPE" ind1="-" ind2="1">
            <subfield code="p">Schutz, Heinrich</subfield>
            <subfield code="d">1585-1672</subfield>
            <subfield code="9">(DE-588)11861116X</subfield>
          </datafield>
          <datafield tag="PPE" ind1="-" ind2="1">
            <subfield code="p">Sagittarius, Henricus</subfield>
            <subfield code="d">1585-1672</subfield>
            <subfield code="9">(DE-588)11861116X</subfield>
          </datafield>
          <datafield tag="PPE" ind1="-" ind2="1">
            <subfield code="p">Sagittarius, Heinricus</subfield>
            <subfield code="d">1585-1672</subfield>
            <subfield code="9">(DE-588)11861116X</subfield>
          </datafield>
          <datafield tag="PPE" ind1="-" ind2="1">
            <subfield code="p">Sagittario, Henrico</subfield>
            <subfield code="d">1585-1672</subfield>
            <subfield code="9">(DE-588)11861116X</subfield>
          </datafield>
          <datafield tag="PPE" ind1="-" ind2="1">
            <subfield code="p">Schuetz von Pfeilstadt, Henri</subfield>
            <subfield code="d">1585-1672</subfield>
            <subfield code="9">(DE-588)11861116X</subfield>
          </datafield>
          <datafield tag="PPE" ind1="-" ind2="1">
            <subfield code="p">Schüzzius, Heinricus</subfield>
            <subfield code="d">1585-1672</subfield>
            <subfield code="9">(DE-588)11861116X</subfield>
          </datafield>
          <datafield tag="PPE" ind1="-" ind2="1">
            <subfield code="p">Schüzze, Heinrich</subfield>
            <subfield code="d">1585-1672</subfield>
            <subfield code="9">(DE-588)11861116X</subfield>
          </datafield>
          <datafield tag="PPE" ind1="-" ind2="1">
            <subfield code="p">Schüz, Heinrich</subfield>
            <subfield code="d">1585-1672</subfield>
            <subfield code="9">(DE-588)11861116X</subfield>
          </datafield>
          <datafield tag="PPE" ind1="-" ind2="1">
            <subfield code="p">Schüz, Henricus</subfield>
            <subfield code="d">1585-1672</subfield>
            <subfield code="9">(DE-588)11861116X</subfield>
          </datafield>
          <datafield tag="PPE" ind1="-" ind2="1">
            <subfield code="p">Schützius, Henricus</subfield>
            <subfield code="d">1585-1672</subfield>
            <subfield code="9">(DE-588)11861116X</subfield>
          </datafield>
          <datafield tag="PPE" ind1="-" ind2="1">
            <subfield code="p">Schützen, Heinrich</subfield>
            <subfield code="d">1585-1672</subfield>
            <subfield code="9">(DE-588)11861116X</subfield>
          </datafield>
          <datafield tag="PPE" ind1="-" ind2="1">
            <subfield code="p">Schütz, Heinrico</subfield>
            <subfield code="d">1585-1672</subfield>
            <subfield code="9">(DE-588)11861116X</subfield>
          </datafield>
          <datafield tag="PPE" ind1="-" ind2="1">
            <subfield code="p">Schütz, ...</subfield>
            <subfield code="d">1585-1672</subfield>
            <subfield code="9">(DE-588)11861116X</subfield>
          </datafield>
          <datafield tag="PPE" ind1="-" ind2="1">
            <subfield code="p">Saettario, Enrico</subfield>
            <subfield code="d">1585-1672</subfield>
            <subfield code="9">(DE-588)11861116X</subfield>
          </datafield>
          <datafield tag="PPE" ind1="-" ind2="1">
            <subfield code="p">Schütz, Henrich</subfield>
            <subfield code="d">1585-1672</subfield>
            <subfield code="9">(DE-588)11861116X</subfield>
          </datafield>
          <datafield tag="PPE" ind1="-" ind2="1">
            <subfield code="p">Schütz, Hinrich</subfield>
            <subfield code="d">1585-1672</subfield>
            <subfield code="9">(DE-588)11861116X</subfield>
          </datafield>
          <datafield tag="PPE" ind1="-" ind2="1">
            <subfield code="p">Schütz, Henricus</subfield>
            <subfield code="d">1585-1672</subfield>
            <subfield code="9">(DE-588)11861116X</subfield>
          </datafield>
          <datafield tag="PPE" ind1="-" ind2="1">
            <subfield code="p">Schütz, H.</subfield>
            <subfield code="d">1585-1672</subfield>
            <subfield code="9">(DE-588)11861116X</subfield>
          </datafield>
          <datafield tag="PPE" ind1="-" ind2="1">
            <subfield code="p">Schütze, Henrich</subfield>
            <subfield code="d">1585-1672</subfield>
            <subfield code="9">(DE-588)11861116X</subfield>
          </datafield>
          <datafield tag="PPE" ind1="-" ind2="1">
            <subfield code="p">Schütze, Heinrich</subfield>
            <subfield code="d">1585-1672</subfield>
            <subfield code="9">(DE-588)11861116X</subfield>
          </datafield>
          <datafield tag="PPE" ind1="-" ind2="1">
            <subfield code="p">Schutz, Heinrich</subfield>
            <subfield code="d">1585-1672</subfield>
            <subfield code="9">(DE-588)11861116X</subfield>
          </datafield>
          <datafield tag="PPE" ind1="-" ind2="1">
            <subfield code="p">Sagittarius, Henricus</subfield>
            <subfield code="d">1585-1672</subfield>
            <subfield code="9">(DE-588)11861116X</subfield>
          </datafield>
          <datafield tag="PPE" ind1="-" ind2="1">
            <subfield code="p">Sagittarius, Heinricus</subfield>
            <subfield code="d">1585-1672</subfield>
            <subfield code="9">(DE-588)11861116X</subfield>
          </datafield>
          <datafield tag="PPE" ind1="-" ind2="1">
            <subfield code="p">Sagittario, Henrico</subfield>
            <subfield code="d">1585-1672</subfield>
            <subfield code="9">(DE-588)11861116X</subfield>
          </datafield>
          <datafield tag="PPE" ind1="-" ind2="1">
            <subfield code="p">Schuetz von Pfeilstadt, Henri</subfield>
            <subfield code="d">1585-1672</subfield>
            <subfield code="9">(DE-588)11861116X</subfield>
          </datafield>
          <datafield tag="PPE" ind1="-" ind2="1">
            <subfield code="p">Schüzzius, Heinricus</subfield>
            <subfield code="d">1585-1672</subfield>
            <subfield code="9">(DE-588)11861116X</subfield>
          </datafield>
          <datafield tag="PPE" ind1="-" ind2="1">
            <subfield code="p">Schüzze, Heinrich</subfield>
            <subfield code="d">1585-1672</subfield>
            <subfield code="9">(DE-588)11861116X</subfield>
          </datafield>
          <datafield tag="PPE" ind1="-" ind2="1">
            <subfield code="p">Schüz, Heinrich</subfield>
            <subfield code="d">1585-1672</subfield>
            <subfield code="9">(DE-588)11861116X</subfield>
          </datafield>
          <datafield tag="PPE" ind1="-" ind2="1">
            <subfield code="p">Schüz, Henricus</subfield>
            <subfield code="d">1585-1672</subfield>
            <subfield code="9">(DE-588)11861116X</subfield>
          </datafield>
          <datafield tag="PPE" ind1="-" ind2="1">
            <subfield code="p">Schützius, Henricus</subfield>
            <subfield code="d">1585-1672</subfield>
            <subfield code="9">(DE-588)11861116X</subfield>
          </datafield>
          <datafield tag="PPE" ind1="-" ind2="1">
            <subfield code="p">Schützen, Heinrich</subfield>
            <subfield code="d">1585-1672</subfield>
            <subfield code="9">(DE-588)11861116X</subfield>
          </datafield>
          <datafield tag="PPE" ind1="-" ind2="1">
            <subfield code="p">Schütz, Heinrico</subfield>
            <subfield code="d">1585-1672</subfield>
            <subfield code="9">(DE-588)11861116X</subfield>
          </datafield>
          <datafield tag="PKO" ind1="-" ind2="1">
            <subfield code="k">International Heinrich Schütz Society</subfield>
            <subfield code="9">(DE-588)1016713-4</subfield>
          </datafield>
          <datafield tag="PKO" ind1="-" ind2="1">
            <subfield code="k">Heinrich Schütz Society</subfield>
            <subfield code="9">(DE-588)1016713-4</subfield>
          </datafield>
          <datafield tag="PKO" ind1="-" ind2="1">
            <subfield code="k">Schütz Society</subfield>
            <subfield code="h">Internationale Heinrich-Schütz-Gesellschaft</subfield>
            <subfield code="9">(DE-588)1016713-4</subfield>
          </datafield>
          <datafield tag="PKO" ind1="-" ind2="1">
            <subfield code="k">Société Internationale Heinrich Schütz</subfield>
            <subfield code="9">(DE-588)1016713-4</subfield>
          </datafield>
          <datafield tag="PKO" ind1="-" ind2="1">
            <subfield code="k">Heinrich-Schütz-Gesellschaft</subfield>
            <subfield code="9">(DE-588)1016713-4</subfield>
          </datafield>
          <datafield tag="PKO" ind1="-" ind2="1">
            <subfield code="k">Schütz-Gesellschaft</subfield>
            <subfield code="h">1963 -</subfield>
            <subfield code="9">(DE-588)1016713-4</subfield>
          </datafield>
          <datafield tag="PKO" ind1="-" ind2="1">
            <subfield code="k">ISG</subfield>
            <subfield code="9">(DE-588)1016713-4</subfield>
          </datafield>
          <datafield tag="PKO" ind1="-" ind2="1">
            <subfield code="k">Internationale Heinrich-Schütz-Gesellschaft e. V.</subfield>
            <subfield code="9">(DE-588)1016713-4</subfield>
          </datafield>
          <datafield tag="PKO" ind1="-" ind2="1">
            <subfield code="k">International Heinrich Schütz Society</subfield>
            <subfield code="9">(DE-588)1016713-4</subfield>
          </datafield>
          <datafield tag="PKO" ind1="-" ind2="1">
            <subfield code="k">Heinrich Schütz Society</subfield>
            <subfield code="9">(DE-588)1016713-4</subfield>
          </datafield>
          <datafield tag="PKO" ind1="-" ind2="1">
            <subfield code="k">Schütz Society</subfield>
            <subfield code="h">Internationale Heinrich-Schütz-Gesellschaft</subfield>
            <subfield code="9">(DE-588)1016713-4</subfield>
          </datafield>
          <datafield tag="PKO" ind1="-" ind2="1">
            <subfield code="k">Société Internationale Heinrich Schütz</subfield>
            <subfield code="9">(DE-588)1016713-4</subfield>
          </datafield>
          <datafield tag="PKO" ind1="-" ind2="1">
            <subfield code="k">Heinrich-Schütz-Gesellschaft</subfield>
            <subfield code="9">(DE-588)1016713-4</subfield>
          </datafield>
          <datafield tag="PKO" ind1="-" ind2="1">
            <subfield code="k">Schütz-Gesellschaft</subfield>
            <subfield code="h">1963 -</subfield>
            <subfield code="9">(DE-588)1016713-4</subfield>
          </datafield>
          <datafield tag="PKO" ind1="-" ind2="1">
            <subfield code="k">ISG</subfield>
            <subfield code="9">(DE-588)1016713-4</subfield>
          </datafield>
          <datafield tag="PKO" ind1="-" ind2="1">
            <subfield code="k">Internationale Heinrich-Schütz-Gesellschaft e. V.</subfield>
            <subfield code="9">(DE-588)1016713-4</subfield>
          </datafield>
          <datafield tag="PKO" ind1="-" ind2="1">
            <subfield code="k">Schütz-Gesellschaft</subfield>
            <subfield code="h">1929 - 1963</subfield>
            <subfield code="9">(DE-588)5011212-0</subfield>
          </datafield>
          <datafield tag="PKO" ind1="-" ind2="1">
            <subfield code="k">Schütz-Gesellschaft</subfield>
            <subfield code="h">1929 - 1963</subfield>
            <subfield code="9">(DE-588)5011212-0</subfield>
          </datafield>
          <datafield tag="PWT" ind1="-" ind2="1">
            <subfield code="p">Schütz, Heinrich</subfield>
            <subfield code="d">1585-1672</subfield>
            <subfield code="t">Unser Herr Jesus Christus</subfield>
            <subfield code="9">(DE-588)1080831924</subfield>
          </datafield>
          <datafield tag="PWT" ind1="-" ind2="1">
            <subfield code="p">Schütz, Heinrich</subfield>
            <subfield code="d">1585-1672</subfield>
            <subfield code="t">Motetten</subfield>
            <subfield code="n">SWV 495</subfield>
            <subfield code="9">(DE-588)1080831924</subfield>
          </datafield>
          <datafield tag="PWT" ind1="-" ind2="1">
            <subfield code="p">Schütz, Heinrich</subfield>
            <subfield code="d">1585-1672</subfield>
            <subfield code="t">Unser Herr Jesus Christus</subfield>
            <subfield code="9">(DE-588)1080831924</subfield>
          </datafield>
          <datafield tag="PWT" ind1="-" ind2="1">
            <subfield code="p">Schütz, Heinrich</subfield>
            <subfield code="d">1585-1672</subfield>
            <subfield code="t">Motetten</subfield>
            <subfield code="n">SWV 495</subfield>
            <subfield code="9">(DE-588)1080831924</subfield>
          </datafield>
          <datafield tag="PWT" ind1="-" ind2="1">
            <subfield code="p">Schütz, Heinrich</subfield>
            <subfield code="d">1585-1672</subfield>
            <subfield code="t">Gesang der dreyer Menner im feurig Ofen</subfield>
            <subfield code="9">(DE-588)1080831541</subfield>
          </datafield>
          <datafield tag="PWT" ind1="-" ind2="1">
            <subfield code="p">Schütz, Heinrich</subfield>
            <subfield code="d">1585-1672</subfield>
            <subfield code="t">Gelobet seist du, Herr, du Gott unser Väter</subfield>
            <subfield code="9">(DE-588)1080831541</subfield>
          </datafield>
          <datafield tag="PWT" ind1="-" ind2="1">
            <subfield code="p">Schütz, Heinrich</subfield>
            <subfield code="d">1585-1672</subfield>
            <subfield code="t">Gelobet seist du, Herr, du Gott unsrer Väter</subfield>
            <subfield code="9">(DE-588)1080831541</subfield>
          </datafield>
          <datafield tag="PWT" ind1="-" ind2="1">
            <subfield code="p">Schütz, Heinrich</subfield>
            <subfield code="d">1585-1672</subfield>
            <subfield code="t">Gelobt seist du, Herr, du Gott unser Vater</subfield>
            <subfield code="9">(DE-588)1080831541</subfield>
          </datafield>
          <datafield tag="PWT" ind1="-" ind2="1">
            <subfield code="p">Schütz, Heinrich</subfield>
            <subfield code="d">1585-1672</subfield>
            <subfield code="t">Gesang der dreyer Menner im feurig Ofen</subfield>
            <subfield code="9">(DE-588)1080831541</subfield>
          </datafield>
          <datafield tag="PWT" ind1="-" ind2="1">
            <subfield code="p">Schütz, Heinrich</subfield>
            <subfield code="d">1585-1672</subfield>
            <subfield code="t">Gelobet seist du, Herr, du Gott unser Väter</subfield>
            <subfield code="9">(DE-588)1080831541</subfield>
          </datafield>
          <datafield tag="PWT" ind1="-" ind2="1">
            <subfield code="p">Schütz, Heinrich</subfield>
            <subfield code="d">1585-1672</subfield>
            <subfield code="t">Gelobet seist du, Herr, du Gott unsrer Väter</subfield>
            <subfield code="9">(DE-588)1080831541</subfield>
          </datafield>
          <datafield tag="PWT" ind1="-" ind2="1">
            <subfield code="p">Schütz, Heinrich</subfield>
            <subfield code="d">1585-1672</subfield>
            <subfield code="t">Gelobt seist du, Herr, du Gott unser Vater</subfield>
            <subfield code="9">(DE-588)1080831541</subfield>
          </datafield>
          <datafield tag="PPE" ind1="-" ind2="1">
            <subfield code="p">Schütz, ...</subfield>
            <subfield code="d">1585-1672</subfield>
            <subfield code="9">(DE-588)11861116X</subfield>
          </datafield>
          <datafield tag="PPE" ind1="-" ind2="1">
            <subfield code="p">Saettario, Enrico</subfield>
            <subfield code="d">1585-1672</subfield>
            <subfield code="9">(DE-588)11861116X</subfield>
          </datafield>
          <datafield tag="PPE" ind1="-" ind2="1">
            <subfield code="p">Schütz, Henrich</subfield>
            <subfield code="d">1585-1672</subfield>
            <subfield code="9">(DE-588)11861116X</subfield>
          </datafield>
          <datafield tag="PPE" ind1="-" ind2="1">
            <subfield code="p">Schütz, Hinrich</subfield>
            <subfield code="d">1585-1672</subfield>
            <subfield code="9">(DE-588)11861116X</subfield>
          </datafield>
          <datafield tag="PPE" ind1="-" ind2="1">
            <subfield code="p">Schütz, Henricus</subfield>
            <subfield code="d">1585-1672</subfield>
            <subfield code="9">(DE-588)11861116X</subfield>
          </datafield>
          <datafield tag="PPE" ind1="-" ind2="1">
            <subfield code="p">Schütz, H.</subfield>
            <subfield code="d">1585-1672</subfield>
            <subfield code="9">(DE-588)11861116X</subfield>
          </datafield>
          <datafield tag="PPE" ind1="-" ind2="1">
            <subfield code="p">Schütze, Henrich</subfield>
            <subfield code="d">1585-1672</subfield>
            <subfield code="9">(DE-588)11861116X</subfield>
          </datafield>
          <datafield tag="PPE" ind1="-" ind2="1">
            <subfield code="p">Schütze, Heinrich</subfield>
            <subfield code="d">1585-1672</subfield>
            <subfield code="9">(DE-588)11861116X</subfield>
          </datafield>
          <datafield tag="PPE" ind1="-" ind2="1">
            <subfield code="p">Schutz, Heinrich</subfield>
            <subfield code="d">1585-1672</subfield>
            <subfield code="9">(DE-588)11861116X</subfield>
          </datafield>
          <datafield tag="PPE" ind1="-" ind2="1">
            <subfield code="p">Sagittarius, Henricus</subfield>
            <subfield code="d">1585-1672</subfield>
            <subfield code="9">(DE-588)11861116X</subfield>
          </datafield>
          <datafield tag="PPE" ind1="-" ind2="1">
            <subfield code="p">Sagittarius, Heinricus</subfield>
            <subfield code="d">1585-1672</subfield>
            <subfield code="9">(DE-588)11861116X</subfield>
          </datafield>
          <datafield tag="PPE" ind1="-" ind2="1">
            <subfield code="p">Sagittario, Henrico</subfield>
            <subfield code="d">1585-1672</subfield>
            <subfield code="9">(DE-588)11861116X</subfield>
          </datafield>
          <datafield tag="PPE" ind1="-" ind2="1">
            <subfield code="p">Schuetz von Pfeilstadt, Henri</subfield>
            <subfield code="d">1585-1672</subfield>
            <subfield code="9">(DE-588)11861116X</subfield>
          </datafield>
          <datafield tag="PPE" ind1="-" ind2="1">
            <subfield code="p">Schüzzius, Heinricus</subfield>
            <subfield code="d">1585-1672</subfield>
            <subfield code="9">(DE-588)11861116X</subfield>
          </datafield>
          <datafield tag="PPE" ind1="-" ind2="1">
            <subfield code="p">Schüzze, Heinrich</subfield>
            <subfield code="d">1585-1672</subfield>
            <subfield code="9">(DE-588)11861116X</subfield>
          </datafield>
          <datafield tag="PPE" ind1="-" ind2="1">
            <subfield code="p">Schüz, Heinrich</subfield>
            <subfield code="d">1585-1672</subfield>
            <subfield code="9">(DE-588)11861116X</subfield>
          </datafield>
          <datafield tag="PPE" ind1="-" ind2="1">
            <subfield code="p">Schüz, Henricus</subfield>
            <subfield code="d">1585-1672</subfield>
            <subfield code="9">(DE-588)11861116X</subfield>
          </datafield>
          <datafield tag="PPE" ind1="-" ind2="1">
            <subfield code="p">Schützius, Henricus</subfield>
            <subfield code="d">1585-1672</subfield>
            <subfield code="9">(DE-588)11861116X</subfield>
          </datafield>
          <datafield tag="PPE" ind1="-" ind2="1">
            <subfield code="p">Schützen, Heinrich</subfield>
            <subfield code="d">1585-1672</subfield>
            <subfield code="9">(DE-588)11861116X</subfield>
          </datafield>
          <datafield tag="PPE" ind1="-" ind2="1">
            <subfield code="p">Schütz, Heinrico</subfield>
            <subfield code="d">1585-1672</subfield>
            <subfield code="9">(DE-588)11861116X</subfield>
          </datafield>
          <datafield tag="PPE" ind1="-" ind2="1">
            <subfield code="p">Schütz, ...</subfield>
            <subfield code="d">1585-1672</subfield>
            <subfield code="9">(DE-588)11861116X</subfield>
          </datafield>
          <datafield tag="PPE" ind1="-" ind2="1">
            <subfield code="p">Saettario, Enrico</subfield>
            <subfield code="d">1585-1672</subfield>
            <subfield code="9">(DE-588)11861116X</subfield>
          </datafield>
          <datafield tag="PPE" ind1="-" ind2="1">
            <subfield code="p">Schütz, Henrich</subfield>
            <subfield code="d">1585-1672</subfield>
            <subfield code="9">(DE-588)11861116X</subfield>
          </datafield>
          <datafield tag="PPE" ind1="-" ind2="1">
            <subfield code="p">Schütz, Hinrich</subfield>
            <subfield code="d">1585-1672</subfield>
            <subfield code="9">(DE-588)11861116X</subfield>
          </datafield>
          <datafield tag="PPE" ind1="-" ind2="1">
            <subfield code="p">Schütz, Henricus</subfield>
            <subfield code="d">1585-1672</subfield>
            <subfield code="9">(DE-588)11861116X</subfield>
          </datafield>
          <datafield tag="PPE" ind1="-" ind2="1">
            <subfield code="p">Schütz, H.</subfield>
            <subfield code="d">1585-1672</subfield>
            <subfield code="9">(DE-588)11861116X</subfield>
          </datafield>
          <datafield tag="PPE" ind1="-" ind2="1">
            <subfield code="p">Schütze, Henrich</subfield>
            <subfield code="d">1585-1672</subfield>
            <subfield code="9">(DE-588)11861116X</subfield>
          </datafield>
          <datafield tag="PPE" ind1="-" ind2="1">
            <subfield code="p">Schütze, Heinrich</subfield>
            <subfield code="d">1585-1672</subfield>
            <subfield code="9">(DE-588)11861116X</subfield>
          </datafield>
          <datafield tag="PPE" ind1="-" ind2="1">
            <subfield code="p">Schutz, Heinrich</subfield>
            <subfield code="d">1585-1672</subfield>
            <subfield code="9">(DE-588)11861116X</subfield>
          </datafield>
          <datafield tag="PPE" ind1="-" ind2="1">
            <subfield code="p">Sagittarius, Henricus</subfield>
            <subfield code="d">1585-1672</subfield>
            <subfield code="9">(DE-588)11861116X</subfield>
          </datafield>
          <datafield tag="PPE" ind1="-" ind2="1">
            <subfield code="p">Sagittarius, Heinricus</subfield>
            <subfield code="d">1585-1672</subfield>
            <subfield code="9">(DE-588)11861116X</subfield>
          </datafield>
          <datafield tag="PPE" ind1="-" ind2="1">
            <subfield code="p">Sagittario, Henrico</subfield>
            <subfield code="d">1585-1672</subfield>
            <subfield code="9">(DE-588)11861116X</subfield>
          </datafield>
          <datafield tag="PPE" ind1="-" ind2="1">
            <subfield code="p">Schuetz von Pfeilstadt, Henri</subfield>
            <subfield code="d">1585-1672</subfield>
            <subfield code="9">(DE-588)11861116X</subfield>
          </datafield>
          <datafield tag="PPE" ind1="-" ind2="1">
            <subfield code="p">Schüzzius, Heinricus</subfield>
            <subfield code="d">1585-1672</subfield>
            <subfield code="9">(DE-588)11861116X</subfield>
          </datafield>
          <datafield tag="PPE" ind1="-" ind2="1">
            <subfield code="p">Schüzze, Heinrich</subfield>
            <subfield code="d">1585-1672</subfield>
            <subfield code="9">(DE-588)11861116X</subfield>
          </datafield>
          <datafield tag="PPE" ind1="-" ind2="1">
            <subfield code="p">Schüz, Heinrich</subfield>
            <subfield code="d">1585-1672</subfield>
            <subfield code="9">(DE-588)11861116X</subfield>
          </datafield>
          <datafield tag="PPE" ind1="-" ind2="1">
            <subfield code="p">Schüz, Henricus</subfield>
            <subfield code="d">1585-1672</subfield>
            <subfield code="9">(DE-588)11861116X</subfield>
          </datafield>
          <datafield tag="PPE" ind1="-" ind2="1">
            <subfield code="p">Schützius, Henricus</subfield>
            <subfield code="d">1585-1672</subfield>
            <subfield code="9">(DE-588)11861116X</subfield>
          </datafield>
          <datafield tag="PPE" ind1="-" ind2="1">
            <subfield code="p">Schützen, Heinrich</subfield>
            <subfield code="d">1585-1672</subfield>
            <subfield code="9">(DE-588)11861116X</subfield>
          </datafield>
          <datafield tag="PPE" ind1="-" ind2="1">
            <subfield code="p">Schütz, Heinrico</subfield>
            <subfield code="d">1585-1672</subfield>
            <subfield code="9">(DE-588)11861116X</subfield>
          </datafield>
          <datafield tag="PPE" ind1="-" ind2="1">
            <subfield code="p">Schütz, ...</subfield>
            <subfield code="d">1585-1672</subfield>
            <subfield code="9">(DE-588)11861116X</subfield>
          </datafield>
          <datafield tag="PPE" ind1="-" ind2="1">
            <subfield code="p">Saettario, Enrico</subfield>
            <subfield code="d">1585-1672</subfield>
            <subfield code="9">(DE-588)11861116X</subfield>
          </datafield>
          <datafield tag="PPE" ind1="-" ind2="1">
            <subfield code="p">Schütz, Henrich</subfield>
            <subfield code="d">1585-1672</subfield>
            <subfield code="9">(DE-588)11861116X</subfield>
          </datafield>
          <datafield tag="PPE" ind1="-" ind2="1">
            <subfield code="p">Schütz, Hinrich</subfield>
            <subfield code="d">1585-1672</subfield>
            <subfield code="9">(DE-588)11861116X</subfield>
          </datafield>
          <datafield tag="PPE" ind1="-" ind2="1">
            <subfield code="p">Schütz, Henricus</subfield>
            <subfield code="d">1585-1672</subfield>
            <subfield code="9">(DE-588)11861116X</subfield>
          </datafield>
          <datafield tag="PPE" ind1="-" ind2="1">
            <subfield code="p">Schütz, H.</subfield>
            <subfield code="d">1585-1672</subfield>
            <subfield code="9">(DE-588)11861116X</subfield>
          </datafield>
          <datafield tag="PPE" ind1="-" ind2="1">
            <subfield code="p">Schütze, Henrich</subfield>
            <subfield code="d">1585-1672</subfield>
            <subfield code="9">(DE-588)11861116X</subfield>
          </datafield>
          <datafield tag="PPE" ind1="-" ind2="1">
            <subfield code="p">Schütze, Heinrich</subfield>
            <subfield code="d">1585-1672</subfield>
            <subfield code="9">(DE-588)11861116X</subfield>
          </datafield>
          <datafield tag="PPE" ind1="-" ind2="1">
            <subfield code="p">Schutz, Heinrich</subfield>
            <subfield code="d">1585-1672</subfield>
            <subfield code="9">(DE-588)11861116X</subfield>
          </datafield>
          <datafield tag="PPE" ind1="-" ind2="1">
            <subfield code="p">Sagittarius, Henricus</subfield>
            <subfield code="d">1585-1672</subfield>
            <subfield code="9">(DE-588)11861116X</subfield>
          </datafield>
          <datafield tag="PPE" ind1="-" ind2="1">
            <subfield code="p">Sagittarius, Heinricus</subfield>
            <subfield code="d">1585-1672</subfield>
            <subfield code="9">(DE-588)11861116X</subfield>
          </datafield>
          <datafield tag="PPE" ind1="-" ind2="1">
            <subfield code="p">Sagittario, Henrico</subfield>
            <subfield code="d">1585-1672</subfield>
            <subfield code="9">(DE-588)11861116X</subfield>
          </datafield>
          <datafield tag="PPE" ind1="-" ind2="1">
            <subfield code="p">Schuetz von Pfeilstadt, Henri</subfield>
            <subfield code="d">1585-1672</subfield>
            <subfield code="9">(DE-588)11861116X</subfield>
          </datafield>
          <datafield tag="PPE" ind1="-" ind2="1">
            <subfield code="p">Schüzzius, Heinricus</subfield>
            <subfield code="d">1585-1672</subfield>
            <subfield code="9">(DE-588)11861116X</subfield>
          </datafield>
          <datafield tag="PPE" ind1="-" ind2="1">
            <subfield code="p">Schüzze, Heinrich</subfield>
            <subfield code="d">1585-1672</subfield>
            <subfield code="9">(DE-588)11861116X</subfield>
          </datafield>
          <datafield tag="PPE" ind1="-" ind2="1">
            <subfield code="p">Schüz, Heinrich</subfield>
            <subfield code="d">1585-1672</subfield>
            <subfield code="9">(DE-588)11861116X</subfield>
          </datafield>
          <datafield tag="PPE" ind1="-" ind2="1">
            <subfield code="p">Schüz, Henricus</subfield>
            <subfield code="d">1585-1672</subfield>
            <subfield code="9">(DE-588)11861116X</subfield>
          </datafield>
          <datafield tag="PPE" ind1="-" ind2="1">
            <subfield code="p">Schützius, Henricus</subfield>
            <subfield code="d">1585-1672</subfield>
            <subfield code="9">(DE-588)11861116X</subfield>
          </datafield>
          <datafield tag="PPE" ind1="-" ind2="1">
            <subfield code="p">Schützen, Heinrich</subfield>
            <subfield code="d">1585-1672</subfield>
            <subfield code="9">(DE-588)11861116X</subfield>
          </datafield>
          <datafield tag="PPE" ind1="-" ind2="1">
            <subfield code="p">Schütz, Heinrico</subfield>
            <subfield code="d">1585-1672</subfield>
            <subfield code="9">(DE-588)11861116X</subfield>
          </datafield>
          <datafield tag="PPE" ind1="-" ind2="1">
            <subfield code="p">Schütz, ...</subfield>
            <subfield code="d">1585-1672</subfield>
            <subfield code="9">(DE-588)11861116X</subfield>
          </datafield>
          <datafield tag="PPE" ind1="-" ind2="1">
            <subfield code="p">Saettario, Enrico</subfield>
            <subfield code="d">1585-1672</subfield>
            <subfield code="9">(DE-588)11861116X</subfield>
          </datafield>
          <datafield tag="PPE" ind1="-" ind2="1">
            <subfield code="p">Schütz, Henrich</subfield>
            <subfield code="d">1585-1672</subfield>
            <subfield code="9">(DE-588)11861116X</subfield>
          </datafield>
          <datafield tag="PPE" ind1="-" ind2="1">
            <subfield code="p">Schütz, Hinrich</subfield>
            <subfield code="d">1585-1672</subfield>
            <subfield code="9">(DE-588)11861116X</subfield>
          </datafield>
          <datafield tag="PPE" ind1="-" ind2="1">
            <subfield code="p">Schütz, Henricus</subfield>
            <subfield code="d">1585-1672</subfield>
            <subfield code="9">(DE-588)11861116X</subfield>
          </datafield>
          <datafield tag="PPE" ind1="-" ind2="1">
            <subfield code="p">Schütz, H.</subfield>
            <subfield code="d">1585-1672</subfield>
            <subfield code="9">(DE-588)11861116X</subfield>
          </datafield>
          <datafield tag="PPE" ind1="-" ind2="1">
            <subfield code="p">Schütze, Henrich</subfield>
            <subfield code="d">1585-1672</subfield>
            <subfield code="9">(DE-588)11861116X</subfield>
          </datafield>
          <datafield tag="PPE" ind1="-" ind2="1">
            <subfield code="p">Schütze, Heinrich</subfield>
            <subfield code="d">1585-1672</subfield>
            <subfield code="9">(DE-588)11861116X</subfield>
          </datafield>
          <datafield tag="PPE" ind1="-" ind2="1">
            <subfield code="p">Schutz, Heinrich</subfield>
            <subfield code="d">1585-1672</subfield>
            <subfield code="9">(DE-588)11861116X</subfield>
          </datafield>
          <datafield tag="PPE" ind1="-" ind2="1">
            <subfield code="p">Sagittarius, Henricus</subfield>
            <subfield code="d">1585-1672</subfield>
            <subfield code="9">(DE-588)11861116X</subfield>
          </datafield>
          <datafield tag="PPE" ind1="-" ind2="1">
            <subfield code="p">Sagittarius, Heinricus</subfield>
            <subfield code="d">1585-1672</subfield>
            <subfield code="9">(DE-588)11861116X</subfield>
          </datafield>
          <datafield tag="PPE" ind1="-" ind2="1">
            <subfield code="p">Sagittario, Henrico</subfield>
            <subfield code="d">1585-1672</subfield>
            <subfield code="9">(DE-588)11861116X</subfield>
          </datafield>
          <datafield tag="PPE" ind1="-" ind2="1">
            <subfield code="p">Schuetz von Pfeilstadt, Henri</subfield>
            <subfield code="d">1585-1672</subfield>
            <subfield code="9">(DE-588)11861116X</subfield>
          </datafield>
          <datafield tag="PPE" ind1="-" ind2="1">
            <subfield code="p">Schüzzius, Heinricus</subfield>
            <subfield code="d">1585-1672</subfield>
            <subfield code="9">(DE-588)11861116X</subfield>
          </datafield>
          <datafield tag="PPE" ind1="-" ind2="1">
            <subfield code="p">Schüzze, Heinrich</subfield>
            <subfield code="d">1585-1672</subfield>
            <subfield code="9">(DE-588)11861116X</subfield>
          </datafield>
          <datafield tag="PPE" ind1="-" ind2="1">
            <subfield code="p">Schüz, Heinrich</subfield>
            <subfield code="d">1585-1672</subfield>
            <subfield code="9">(DE-588)11861116X</subfield>
          </datafield>
          <datafield tag="PPE" ind1="-" ind2="1">
            <subfield code="p">Schüz, Henricus</subfield>
            <subfield code="d">1585-1672</subfield>
            <subfield code="9">(DE-588)11861116X</subfield>
          </datafield>
          <datafield tag="PPE" ind1="-" ind2="1">
            <subfield code="p">Schützius, Henricus</subfield>
            <subfield code="d">1585-1672</subfield>
            <subfield code="9">(DE-588)11861116X</subfield>
          </datafield>
          <datafield tag="PPE" ind1="-" ind2="1">
            <subfield code="p">Schützen, Heinrich</subfield>
            <subfield code="d">1585-1672</subfield>
            <subfield code="9">(DE-588)11861116X</subfield>
          </datafield>
          <datafield tag="PPE" ind1="-" ind2="1">
            <subfield code="p">Schütz, Heinrico</subfield>
            <subfield code="d">1585-1672</subfield>
            <subfield code="9">(DE-588)11861116X</subfield>
          </datafield>
          <datafield tag="PPE" ind1="-" ind2="1">
            <subfield code="p">Schütz, ...</subfield>
            <subfield code="d">1585-1672</subfield>
            <subfield code="9">(DE-588)11861116X</subfield>
          </datafield>
          <datafield tag="PPE" ind1="-" ind2="1">
            <subfield code="p">Saettario, Enrico</subfield>
            <subfield code="d">1585-1672</subfield>
            <subfield code="9">(DE-588)11861116X</subfield>
          </datafield>
          <datafield tag="PPE" ind1="-" ind2="1">
            <subfield code="p">Schütz, Henrich</subfield>
            <subfield code="d">1585-1672</subfield>
            <subfield code="9">(DE-588)11861116X</subfield>
          </datafield>
          <datafield tag="PPE" ind1="-" ind2="1">
            <subfield code="p">Schütz, Hinrich</subfield>
            <subfield code="d">1585-1672</subfield>
            <subfield code="9">(DE-588)11861116X</subfield>
          </datafield>
          <datafield tag="PPE" ind1="-" ind2="1">
            <subfield code="p">Schütz, Henricus</subfield>
            <subfield code="d">1585-1672</subfield>
            <subfield code="9">(DE-588)11861116X</subfield>
          </datafield>
          <datafield tag="PPE" ind1="-" ind2="1">
            <subfield code="p">Schütz, H.</subfield>
            <subfield code="d">1585-1672</subfield>
            <subfield code="9">(DE-588)11861116X</subfield>
          </datafield>
          <datafield tag="PPE" ind1="-" ind2="1">
            <subfield code="p">Schütze, Henrich</subfield>
            <subfield code="d">1585-1672</subfield>
            <subfield code="9">(DE-588)11861116X</subfield>
          </datafield>
          <datafield tag="PPE" ind1="-" ind2="1">
            <subfield code="p">Schütze, Heinrich</subfield>
            <subfield code="d">1585-1672</subfield>
            <subfield code="9">(DE-588)11861116X</subfield>
          </datafield>
          <datafield tag="PPE" ind1="-" ind2="1">
            <subfield code="p">Schutz, Heinrich</subfield>
            <subfield code="d">1585-1672</subfield>
            <subfield code="9">(DE-588)11861116X</subfield>
          </datafield>
          <datafield tag="PPE" ind1="-" ind2="1">
            <subfield code="p">Sagittarius, Henricus</subfield>
            <subfield code="d">1585-1672</subfield>
            <subfield code="9">(DE-588)11861116X</subfield>
          </datafield>
          <datafield tag="PPE" ind1="-" ind2="1">
            <subfield code="p">Sagittarius, Heinricus</subfield>
            <subfield code="d">1585-1672</subfield>
            <subfield code="9">(DE-588)11861116X</subfield>
          </datafield>
          <datafield tag="PPE" ind1="-" ind2="1">
            <subfield code="p">Sagittario, Henrico</subfield>
            <subfield code="d">1585-1672</subfield>
            <subfield code="9">(DE-588)11861116X</subfield>
          </datafield>
          <datafield tag="PPE" ind1="-" ind2="1">
            <subfield code="p">Schuetz von Pfeilstadt, Henri</subfield>
            <subfield code="d">1585-1672</subfield>
            <subfield code="9">(DE-588)11861116X</subfield>
          </datafield>
          <datafield tag="PPE" ind1="-" ind2="1">
            <subfield code="p">Schüzzius, Heinricus</subfield>
            <subfield code="d">1585-1672</subfield>
            <subfield code="9">(DE-588)11861116X</subfield>
          </datafield>
          <datafield tag="PPE" ind1="-" ind2="1">
            <subfield code="p">Schüzze, Heinrich</subfield>
            <subfield code="d">1585-1672</subfield>
            <subfield code="9">(DE-588)11861116X</subfield>
          </datafield>
          <datafield tag="PPE" ind1="-" ind2="1">
            <subfield code="p">Schüz, Heinrich</subfield>
            <subfield code="d">1585-1672</subfield>
            <subfield code="9">(DE-588)11861116X</subfield>
          </datafield>
          <datafield tag="PPE" ind1="-" ind2="1">
            <subfield code="p">Schüz, Henricus</subfield>
            <subfield code="d">1585-1672</subfield>
            <subfield code="9">(DE-588)11861116X</subfield>
          </datafield>
          <datafield tag="PPE" ind1="-" ind2="1">
            <subfield code="p">Schützius, Henricus</subfield>
            <subfield code="d">1585-1672</subfield>
            <subfield code="9">(DE-588)11861116X</subfield>
          </datafield>
          <datafield tag="PPE" ind1="-" ind2="1">
            <subfield code="p">Schützen, Heinrich</subfield>
            <subfield code="d">1585-1672</subfield>
            <subfield code="9">(DE-588)11861116X</subfield>
          </datafield>
          <datafield tag="PPE" ind1="-" ind2="1">
            <subfield code="p">Schütz, Heinrico</subfield>
            <subfield code="d">1585-1672</subfield>
            <subfield code="9">(DE-588)11861116X</subfield>
          </datafield>
          <datafield tag="PKO" ind1="-" ind2="1">
            <subfield code="k">International Heinrich Schütz Society</subfield>
            <subfield code="9">(DE-588)1016713-4</subfield>
          </datafield>
          <datafield tag="PKO" ind1="-" ind2="1">
            <subfield code="k">Heinrich Schütz Society</subfield>
            <subfield code="9">(DE-588)1016713-4</subfield>
          </datafield>
          <datafield tag="PKO" ind1="-" ind2="1">
            <subfield code="k">Schütz Society</subfield>
            <subfield code="h">Internationale Heinrich-Schütz-Gesellschaft</subfield>
            <subfield code="9">(DE-588)1016713-4</subfield>
          </datafield>
          <datafield tag="PKO" ind1="-" ind2="1">
            <subfield code="k">Société Internationale Heinrich Schütz</subfield>
            <subfield code="9">(DE-588)1016713-4</subfield>
          </datafield>
          <datafield tag="PKO" ind1="-" ind2="1">
            <subfield code="k">Heinrich-Schütz-Gesellschaft</subfield>
            <subfield code="9">(DE-588)1016713-4</subfield>
          </datafield>
          <datafield tag="PKO" ind1="-" ind2="1">
            <subfield code="k">Schütz-Gesellschaft</subfield>
            <subfield code="h">1963 -</subfield>
            <subfield code="9">(DE-588)1016713-4</subfield>
          </datafield>
          <datafield tag="PKO" ind1="-" ind2="1">
            <subfield code="k">ISG</subfield>
            <subfield code="9">(DE-588)1016713-4</subfield>
          </datafield>
          <datafield tag="PKO" ind1="-" ind2="1">
            <subfield code="k">Internationale Heinrich-Schütz-Gesellschaft e. V.</subfield>
            <subfield code="9">(DE-588)1016713-4</subfield>
          </datafield>
          <datafield tag="PKO" ind1="-" ind2="1">
            <subfield code="k">International Heinrich Schütz Society</subfield>
            <subfield code="9">(DE-588)1016713-4</subfield>
          </datafield>
          <datafield tag="PKO" ind1="-" ind2="1">
            <subfield code="k">Heinrich Schütz Society</subfield>
            <subfield code="9">(DE-588)1016713-4</subfield>
          </datafield>
          <datafield tag="PKO" ind1="-" ind2="1">
            <subfield code="k">Schütz Society</subfield>
            <subfield code="h">Internationale Heinrich-Schütz-Gesellschaft</subfield>
            <subfield code="9">(DE-588)1016713-4</subfield>
          </datafield>
          <datafield tag="PKO" ind1="-" ind2="1">
            <subfield code="k">Société Internationale Heinrich Schütz</subfield>
            <subfield code="9">(DE-588)1016713-4</subfield>
          </datafield>
          <datafield tag="PKO" ind1="-" ind2="1">
            <subfield code="k">Heinrich-Schütz-Gesellschaft</subfield>
            <subfield code="9">(DE-588)1016713-4</subfield>
          </datafield>
          <datafield tag="PKO" ind1="-" ind2="1">
            <subfield code="k">Schütz-Gesellschaft</subfield>
            <subfield code="h">1963 -</subfield>
            <subfield code="9">(DE-588)1016713-4</subfield>
          </datafield>
          <datafield tag="PKO" ind1="-" ind2="1">
            <subfield code="k">ISG</subfield>
            <subfield code="9">(DE-588)1016713-4</subfield>
          </datafield>
          <datafield tag="PKO" ind1="-" ind2="1">
            <subfield code="k">Internationale Heinrich-Schütz-Gesellschaft e. V.</subfield>
            <subfield code="9">(DE-588)1016713-4</subfield>
          </datafield>
          <datafield tag="PKO" ind1="-" ind2="1">
            <subfield code="k">International Heinrich Schütz Society</subfield>
            <subfield code="9">(DE-588)1016713-4</subfield>
          </datafield>
          <datafield tag="PKO" ind1="-" ind2="1">
            <subfield code="k">Heinrich Schütz Society</subfield>
            <subfield code="9">(DE-588)1016713-4</subfield>
          </datafield>
          <datafield tag="PKO" ind1="-" ind2="1">
            <subfield code="k">Schütz Society</subfield>
            <subfield code="h">Internationale Heinrich-Schütz-Gesellschaft</subfield>
            <subfield code="9">(DE-588)1016713-4</subfield>
          </datafield>
          <datafield tag="PKO" ind1="-" ind2="1">
            <subfield code="k">Société Internationale Heinrich Schütz</subfield>
            <subfield code="9">(DE-588)1016713-4</subfield>
          </datafield>
          <datafield tag="PKO" ind1="-" ind2="1">
            <subfield code="k">Heinrich-Schütz-Gesellschaft</subfield>
            <subfield code="9">(DE-588)1016713-4</subfield>
          </datafield>
          <datafield tag="PKO" ind1="-" ind2="1">
            <subfield code="k">Schütz-Gesellschaft</subfield>
            <subfield code="h">1963 -</subfield>
            <subfield code="9">(DE-588)1016713-4</subfield>
          </datafield>
          <datafield tag="PKO" ind1="-" ind2="1">
            <subfield code="k">ISG</subfield>
            <subfield code="9">(DE-588)1016713-4</subfield>
          </datafield>
          <datafield tag="PKO" ind1="-" ind2="1">
            <subfield code="k">Internationale Heinrich-Schütz-Gesellschaft e. V.</subfield>
            <subfield code="9">(DE-588)1016713-4</subfield>
          </datafield>
          <datafield tag="PKO" ind1="-" ind2="1">
            <subfield code="k">International Heinrich Schütz Society</subfield>
            <subfield code="9">(DE-588)1016713-4</subfield>
          </datafield>
          <datafield tag="PKO" ind1="-" ind2="1">
            <subfield code="k">Heinrich Schütz Society</subfield>
            <subfield code="9">(DE-588)1016713-4</subfield>
          </datafield>
          <datafield tag="PKO" ind1="-" ind2="1">
            <subfield code="k">Schütz Society</subfield>
            <subfield code="h">Internationale Heinrich-Schütz-Gesellschaft</subfield>
            <subfield code="9">(DE-588)1016713-4</subfield>
          </datafield>
          <datafield tag="PKO" ind1="-" ind2="1">
            <subfield code="k">Société Internationale Heinrich Schütz</subfield>
            <subfield code="9">(DE-588)1016713-4</subfield>
          </datafield>
          <datafield tag="PKO" ind1="-" ind2="1">
            <subfield code="k">Heinrich-Schütz-Gesellschaft</subfield>
            <subfield code="9">(DE-588)1016713-4</subfield>
          </datafield>
          <datafield tag="PKO" ind1="-" ind2="1">
            <subfield code="k">Schütz-Gesellschaft</subfield>
            <subfield code="h">1963 -</subfield>
            <subfield code="9">(DE-588)1016713-4</subfield>
          </datafield>
          <datafield tag="PKO" ind1="-" ind2="1">
            <subfield code="k">ISG</subfield>
            <subfield code="9">(DE-588)1016713-4</subfield>
          </datafield>
          <datafield tag="PKO" ind1="-" ind2="1">
            <subfield code="k">Internationale Heinrich-Schütz-Gesellschaft e. V.</subfield>
            <subfield code="9">(DE-588)1016713-4</subfield>
          </datafield>
          <datafield tag="PKO" ind1="-" ind2="1">
            <subfield code="k">International Heinrich Schütz Society</subfield>
            <subfield code="9">(DE-588)1016713-4</subfield>
          </datafield>
          <datafield tag="PKO" ind1="-" ind2="1">
            <subfield code="k">Heinrich Schütz Society</subfield>
            <subfield code="9">(DE-588)1016713-4</subfield>
          </datafield>
          <datafield tag="PKO" ind1="-" ind2="1">
            <subfield code="k">Schütz Society</subfield>
            <subfield code="h">Internationale Heinrich-Schütz-Gesellschaft</subfield>
            <subfield code="9">(DE-588)1016713-4</subfield>
          </datafield>
          <datafield tag="PKO" ind1="-" ind2="1">
            <subfield code="k">Société Internationale Heinrich Schütz</subfield>
            <subfield code="9">(DE-588)1016713-4</subfield>
          </datafield>
          <datafield tag="PKO" ind1="-" ind2="1">
            <subfield code="k">Heinrich-Schütz-Gesellschaft</subfield>
            <subfield code="9">(DE-588)1016713-4</subfield>
          </datafield>
          <datafield tag="PKO" ind1="-" ind2="1">
            <subfield code="k">Schütz-Gesellschaft</subfield>
            <subfield code="h">1963 -</subfield>
            <subfield code="9">(DE-588)1016713-4</subfield>
          </datafield>
          <datafield tag="PKO" ind1="-" ind2="1">
            <subfield code="k">ISG</subfield>
            <subfield code="9">(DE-588)1016713-4</subfield>
          </datafield>
          <datafield tag="PKO" ind1="-" ind2="1">
            <subfield code="k">Internationale Heinrich-Schütz-Gesellschaft e. V.</subfield>
            <subfield code="9">(DE-588)1016713-4</subfield>
          </datafield>
          <datafield tag="PKO" ind1="-" ind2="1">
            <subfield code="k">International Heinrich Schütz Society</subfield>
            <subfield code="9">(DE-588)1016713-4</subfield>
          </datafield>
          <datafield tag="PKO" ind1="-" ind2="1">
            <subfield code="k">Heinrich Schütz Society</subfield>
            <subfield code="9">(DE-588)1016713-4</subfield>
          </datafield>
          <datafield tag="PKO" ind1="-" ind2="1">
            <subfield code="k">Schütz Society</subfield>
            <subfield code="h">Internationale Heinrich-Schütz-Gesellschaft</subfield>
            <subfield code="9">(DE-588)1016713-4</subfield>
          </datafield>
          <datafield tag="PKO" ind1="-" ind2="1">
            <subfield code="k">Société Internationale Heinrich Schütz</subfield>
            <subfield code="9">(DE-588)1016713-4</subfield>
          </datafield>
          <datafield tag="PKO" ind1="-" ind2="1">
            <subfield code="k">Heinrich-Schütz-Gesellschaft</subfield>
            <subfield code="9">(DE-588)1016713-4</subfield>
          </datafield>
          <datafield tag="PKO" ind1="-" ind2="1">
            <subfield code="k">Schütz-Gesellschaft</subfield>
            <subfield code="h">1963 -</subfield>
            <subfield code="9">(DE-588)1016713-4</subfield>
          </datafield>
          <datafield tag="PKO" ind1="-" ind2="1">
            <subfield code="k">ISG</subfield>
            <subfield code="9">(DE-588)1016713-4</subfield>
          </datafield>
          <datafield tag="PKO" ind1="-" ind2="1">
            <subfield code="k">Internationale Heinrich-Schütz-Gesellschaft e. V.</subfield>
            <subfield code="9">(DE-588)1016713-4</subfield>
          </datafield>
          <datafield tag="PKO" ind1="-" ind2="1">
            <subfield code="k">Schütz-Gesellschaft</subfield>
            <subfield code="h">1929 - 1963</subfield>
            <subfield code="9">(DE-588)5011212-0</subfield>
          </datafield>
          <datafield tag="PKO" ind1="-" ind2="1">
            <subfield code="k">Schütz-Gesellschaft</subfield>
            <subfield code="h">1929 - 1963</subfield>
            <subfield code="9">(DE-588)5011212-0</subfield>
          </datafield>
          <datafield tag="PKO" ind1="-" ind2="2">
            <subfield code="k">International Heinrich Schütz Society</subfield>
            <subfield code="9">(DE-588)1016713-4</subfield>
          </datafield>
          <datafield tag="PKO" ind1="-" ind2="2">
            <subfield code="k">Heinrich Schütz Society</subfield>
            <subfield code="9">(DE-588)1016713-4</subfield>
          </datafield>
          <datafield tag="PKO" ind1="-" ind2="2">
            <subfield code="k">Schütz Society</subfield>
            <subfield code="h">Internationale Heinrich-Schütz-Gesellschaft</subfield>
            <subfield code="9">(DE-588)1016713-4</subfield>
          </datafield>
          <datafield tag="PKO" ind1="-" ind2="2">
            <subfield code="k">Société Internationale Heinrich Schütz</subfield>
            <subfield code="9">(DE-588)1016713-4</subfield>
          </datafield>
          <datafield tag="PKO" ind1="-" ind2="2">
            <subfield code="k">Heinrich-Schütz-Gesellschaft</subfield>
            <subfield code="9">(DE-588)1016713-4</subfield>
          </datafield>
          <datafield tag="PKO" ind1="-" ind2="2">
            <subfield code="k">Schütz-Gesellschaft</subfield>
            <subfield code="h">1963 -</subfield>
            <subfield code="9">(DE-588)1016713-4</subfield>
          </datafield>
          <datafield tag="PKO" ind1="-" ind2="2">
            <subfield code="k">ISG</subfield>
            <subfield code="9">(DE-588)1016713-4</subfield>
          </datafield>
          <datafield tag="PKO" ind1="-" ind2="2">
            <subfield code="k">Internationale Heinrich-Schütz-Gesellschaft e. V.</subfield>
            <subfield code="9">(DE-588)1016713-4</subfield>
          </datafield>
          <datafield tag="PKO" ind1="-" ind2="2">
            <subfield code="k">Schütz-Gesellschaft</subfield>
            <subfield code="h">1929 - 1963</subfield>
            <subfield code="9">(DE-588)5011212-0</subfield>
          </datafield>
          <datafield tag="PKO" ind1="-" ind2="2">
            <subfield code="k">International Heinrich Schütz Society</subfield>
            <subfield code="9">(DE-588)1016713-4</subfield>
          </datafield>
          <datafield tag="PKO" ind1="-" ind2="2">
            <subfield code="k">Heinrich Schütz Society</subfield>
            <subfield code="9">(DE-588)1016713-4</subfield>
          </datafield>
          <datafield tag="PKO" ind1="-" ind2="2">
            <subfield code="k">Schütz Society</subfield>
            <subfield code="h">Internationale Heinrich-Schütz-Gesellschaft</subfield>
            <subfield code="9">(DE-588)1016713-4</subfield>
          </datafield>
          <datafield tag="PKO" ind1="-" ind2="2">
            <subfield code="k">Société Internationale Heinrich Schütz</subfield>
            <subfield code="9">(DE-588)1016713-4</subfield>
          </datafield>
          <datafield tag="PKO" ind1="-" ind2="2">
            <subfield code="k">Heinrich-Schütz-Gesellschaft</subfield>
            <subfield code="9">(DE-588)1016713-4</subfield>
          </datafield>
          <datafield tag="PKO" ind1="-" ind2="2">
            <subfield code="k">Schütz-Gesellschaft</subfield>
            <subfield code="h">1963 -</subfield>
            <subfield code="9">(DE-588)1016713-4</subfield>
          </datafield>
          <datafield tag="PKO" ind1="-" ind2="2">
            <subfield code="k">ISG</subfield>
            <subfield code="9">(DE-588)1016713-4</subfield>
          </datafield>
          <datafield tag="PKO" ind1="-" ind2="2">
            <subfield code="k">Internationale Heinrich-Schütz-Gesellschaft e. V.</subfield>
            <subfield code="9">(DE-588)1016713-4</subfield>
          </datafield>
          <datafield tag="PPE" ind1="-" ind2="2">
            <subfield code="p">Schütz, ...</subfield>
            <subfield code="d">1585-1672</subfield>
            <subfield code="9">(DE-588)11861116X</subfield>
          </datafield>
          <datafield tag="PPE" ind1="-" ind2="2">
            <subfield code="p">Saettario, Enrico</subfield>
            <subfield code="d">1585-1672</subfield>
            <subfield code="9">(DE-588)11861116X</subfield>
          </datafield>
          <datafield tag="PPE" ind1="-" ind2="2">
            <subfield code="p">Schütz, Henrich</subfield>
            <subfield code="d">1585-1672</subfield>
            <subfield code="9">(DE-588)11861116X</subfield>
          </datafield>
          <datafield tag="PPE" ind1="-" ind2="2">
            <subfield code="p">Schütz, Hinrich</subfield>
            <subfield code="d">1585-1672</subfield>
            <subfield code="9">(DE-588)11861116X</subfield>
          </datafield>
          <datafield tag="PPE" ind1="-" ind2="2">
            <subfield code="p">Schütz, Henricus</subfield>
            <subfield code="d">1585-1672</subfield>
            <subfield code="9">(DE-588)11861116X</subfield>
          </datafield>
          <datafield tag="PPE" ind1="-" ind2="2">
            <subfield code="p">Schütz, H.</subfield>
            <subfield code="d">1585-1672</subfield>
            <subfield code="9">(DE-588)11861116X</subfield>
          </datafield>
          <datafield tag="PPE" ind1="-" ind2="2">
            <subfield code="p">Schütze, Henrich</subfield>
            <subfield code="d">1585-1672</subfield>
            <subfield code="9">(DE-588)11861116X</subfield>
          </datafield>
          <datafield tag="PPE" ind1="-" ind2="2">
            <subfield code="p">Schütze, Heinrich</subfield>
            <subfield code="d">1585-1672</subfield>
            <subfield code="9">(DE-588)11861116X</subfield>
          </datafield>
          <datafield tag="PPE" ind1="-" ind2="2">
            <subfield code="p">Schutz, Heinrich</subfield>
            <subfield code="d">1585-1672</subfield>
            <subfield code="9">(DE-588)11861116X</subfield>
          </datafield>
          <datafield tag="PPE" ind1="-" ind2="2">
            <subfield code="p">Sagittarius, Henricus</subfield>
            <subfield code="d">1585-1672</subfield>
            <subfield code="9">(DE-588)11861116X</subfield>
          </datafield>
          <datafield tag="PPE" ind1="-" ind2="2">
            <subfield code="p">Sagittarius, Heinricus</subfield>
            <subfield code="d">1585-1672</subfield>
            <subfield code="9">(DE-588)11861116X</subfield>
          </datafield>
          <datafield tag="PPE" ind1="-" ind2="2">
            <subfield code="p">Sagittario, Henrico</subfield>
            <subfield code="d">1585-1672</subfield>
            <subfield code="9">(DE-588)11861116X</subfield>
          </datafield>
          <datafield tag="PPE" ind1="-" ind2="2">
            <subfield code="p">Schuetz von Pfeilstadt, Henri</subfield>
            <subfield code="d">1585-1672</subfield>
            <subfield code="9">(DE-588)11861116X</subfield>
          </datafield>
          <datafield tag="PPE" ind1="-" ind2="2">
            <subfield code="p">Schüzzius, Heinricus</subfield>
            <subfield code="d">1585-1672</subfield>
            <subfield code="9">(DE-588)11861116X</subfield>
          </datafield>
          <datafield tag="PPE" ind1="-" ind2="2">
            <subfield code="p">Schüzze, Heinrich</subfield>
            <subfield code="d">1585-1672</subfield>
            <subfield code="9">(DE-588)11861116X</subfield>
          </datafield>
          <datafield tag="PPE" ind1="-" ind2="2">
            <subfield code="p">Schüz, Heinrich</subfield>
            <subfield code="d">1585-1672</subfield>
            <subfield code="9">(DE-588)11861116X</subfield>
          </datafield>
          <datafield tag="PPE" ind1="-" ind2="2">
            <subfield code="p">Schüz, Henricus</subfield>
            <subfield code="d">1585-1672</subfield>
            <subfield code="9">(DE-588)11861116X</subfield>
          </datafield>
          <datafield tag="PPE" ind1="-" ind2="2">
            <subfield code="p">Schützius, Henricus</subfield>
            <subfield code="d">1585-1672</subfield>
            <subfield code="9">(DE-588)11861116X</subfield>
          </datafield>
          <datafield tag="PPE" ind1="-" ind2="2">
            <subfield code="p">Schützen, Heinrich</subfield>
            <subfield code="d">1585-1672</subfield>
            <subfield code="9">(DE-588)11861116X</subfield>
          </datafield>
          <datafield tag="PPE" ind1="-" ind2="2">
            <subfield code="p">Schütz, Heinrico</subfield>
            <subfield code="d">1585-1672</subfield>
            <subfield code="9">(DE-588)11861116X</subfield>
          </datafield>
          <datafield tag="PKO" ind1="-" ind2="2">
            <subfield code="k">Schütz-Gesellschaft</subfield>
            <subfield code="h">1929 - 1963</subfield>
            <subfield code="9">(DE-588)5011212-0</subfield>
          </datafield>
          <datafield tag="PPE" ind1="-" ind2="2">
            <subfield code="p">Schütz, ...</subfield>
            <subfield code="d">1585-1672</subfield>
            <subfield code="9">(DE-588)11861116X</subfield>
          </datafield>
          <datafield tag="PPE" ind1="-" ind2="2">
            <subfield code="p">Saettario, Enrico</subfield>
            <subfield code="d">1585-1672</subfield>
            <subfield code="9">(DE-588)11861116X</subfield>
          </datafield>
          <datafield tag="PPE" ind1="-" ind2="2">
            <subfield code="p">Schütz, Henrich</subfield>
            <subfield code="d">1585-1672</subfield>
            <subfield code="9">(DE-588)11861116X</subfield>
          </datafield>
          <datafield tag="PPE" ind1="-" ind2="2">
            <subfield code="p">Schütz, Hinrich</subfield>
            <subfield code="d">1585-1672</subfield>
            <subfield code="9">(DE-588)11861116X</subfield>
          </datafield>
          <datafield tag="PPE" ind1="-" ind2="2">
            <subfield code="p">Schütz, Henricus</subfield>
            <subfield code="d">1585-1672</subfield>
            <subfield code="9">(DE-588)11861116X</subfield>
          </datafield>
          <datafield tag="PPE" ind1="-" ind2="2">
            <subfield code="p">Schütz, H.</subfield>
            <subfield code="d">1585-1672</subfield>
            <subfield code="9">(DE-588)11861116X</subfield>
          </datafield>
          <datafield tag="PPE" ind1="-" ind2="2">
            <subfield code="p">Schütze, Henrich</subfield>
            <subfield code="d">1585-1672</subfield>
            <subfield code="9">(DE-588)11861116X</subfield>
          </datafield>
          <datafield tag="PPE" ind1="-" ind2="2">
            <subfield code="p">Schütze, Heinrich</subfield>
            <subfield code="d">1585-1672</subfield>
            <subfield code="9">(DE-588)11861116X</subfield>
          </datafield>
          <datafield tag="PPE" ind1="-" ind2="2">
            <subfield code="p">Schutz, Heinrich</subfield>
            <subfield code="d">1585-1672</subfield>
            <subfield code="9">(DE-588)11861116X</subfield>
          </datafield>
          <datafield tag="PPE" ind1="-" ind2="2">
            <subfield code="p">Sagittarius, Henricus</subfield>
            <subfield code="d">1585-1672</subfield>
            <subfield code="9">(DE-588)11861116X</subfield>
          </datafield>
          <datafield tag="PPE" ind1="-" ind2="2">
            <subfield code="p">Sagittarius, Heinricus</subfield>
            <subfield code="d">1585-1672</subfield>
            <subfield code="9">(DE-588)11861116X</subfield>
          </datafield>
          <datafield tag="PPE" ind1="-" ind2="2">
            <subfield code="p">Sagittario, Henrico</subfield>
            <subfield code="d">1585-1672</subfield>
            <subfield code="9">(DE-588)11861116X</subfield>
          </datafield>
          <datafield tag="PPE" ind1="-" ind2="2">
            <subfield code="p">Schuetz von Pfeilstadt, Henri</subfield>
            <subfield code="d">1585-1672</subfield>
            <subfield code="9">(DE-588)11861116X</subfield>
          </datafield>
          <datafield tag="PPE" ind1="-" ind2="2">
            <subfield code="p">Schüzzius, Heinricus</subfield>
            <subfield code="d">1585-1672</subfield>
            <subfield code="9">(DE-588)11861116X</subfield>
          </datafield>
          <datafield tag="PPE" ind1="-" ind2="2">
            <subfield code="p">Schüzze, Heinrich</subfield>
            <subfield code="d">1585-1672</subfield>
            <subfield code="9">(DE-588)11861116X</subfield>
          </datafield>
          <datafield tag="PPE" ind1="-" ind2="2">
            <subfield code="p">Schüz, Heinrich</subfield>
            <subfield code="d">1585-1672</subfield>
            <subfield code="9">(DE-588)11861116X</subfield>
          </datafield>
          <datafield tag="PPE" ind1="-" ind2="2">
            <subfield code="p">Schüz, Henricus</subfield>
            <subfield code="d">1585-1672</subfield>
            <subfield code="9">(DE-588)11861116X</subfield>
          </datafield>
          <datafield tag="PPE" ind1="-" ind2="2">
            <subfield code="p">Schützius, Henricus</subfield>
            <subfield code="d">1585-1672</subfield>
            <subfield code="9">(DE-588)11861116X</subfield>
          </datafield>
          <datafield tag="PPE" ind1="-" ind2="2">
            <subfield code="p">Schützen, Heinrich</subfield>
            <subfield code="d">1585-1672</subfield>
            <subfield code="9">(DE-588)11861116X</subfield>
          </datafield>
          <datafield tag="PPE" ind1="-" ind2="2">
            <subfield code="p">Schütz, Heinrico</subfield>
            <subfield code="d">1585-1672</subfield>
            <subfield code="9">(DE-588)11861116X</subfield>
          </datafield>
          <datafield tag="PPE" ind1="-" ind2="2">
            <subfield code="p">Schütz, ...</subfield>
            <subfield code="d">1585-1672</subfield>
            <subfield code="9">(DE-588)11861116X</subfield>
          </datafield>
          <datafield tag="PPE" ind1="-" ind2="2">
            <subfield code="p">Saettario, Enrico</subfield>
            <subfield code="d">1585-1672</subfield>
            <subfield code="9">(DE-588)11861116X</subfield>
          </datafield>
          <datafield tag="PPE" ind1="-" ind2="2">
            <subfield code="p">Schütz, Henrich</subfield>
            <subfield code="d">1585-1672</subfield>
            <subfield code="9">(DE-588)11861116X</subfield>
          </datafield>
          <datafield tag="PPE" ind1="-" ind2="2">
            <subfield code="p">Schütz, Hinrich</subfield>
            <subfield code="d">1585-1672</subfield>
            <subfield code="9">(DE-588)11861116X</subfield>
          </datafield>
          <datafield tag="PPE" ind1="-" ind2="2">
            <subfield code="p">Schütz, Henricus</subfield>
            <subfield code="d">1585-1672</subfield>
            <subfield code="9">(DE-588)11861116X</subfield>
          </datafield>
          <datafield tag="PPE" ind1="-" ind2="2">
            <subfield code="p">Schütz, H.</subfield>
            <subfield code="d">1585-1672</subfield>
            <subfield code="9">(DE-588)11861116X</subfield>
          </datafield>
          <datafield tag="PPE" ind1="-" ind2="2">
            <subfield code="p">Schütze, Henrich</subfield>
            <subfield code="d">1585-1672</subfield>
            <subfield code="9">(DE-588)11861116X</subfield>
          </datafield>
          <datafield tag="PPE" ind1="-" ind2="2">
            <subfield code="p">Schütze, Heinrich</subfield>
            <subfield code="d">1585-1672</subfield>
            <subfield code="9">(DE-588)11861116X</subfield>
          </datafield>
          <datafield tag="PPE" ind1="-" ind2="2">
            <subfield code="p">Schutz, Heinrich</subfield>
            <subfield code="d">1585-1672</subfield>
            <subfield code="9">(DE-588)11861116X</subfield>
          </datafield>
          <datafield tag="PPE" ind1="-" ind2="2">
            <subfield code="p">Sagittarius, Henricus</subfield>
            <subfield code="d">1585-1672</subfield>
            <subfield code="9">(DE-588)11861116X</subfield>
          </datafield>
          <datafield tag="PPE" ind1="-" ind2="2">
            <subfield code="p">Sagittarius, Heinricus</subfield>
            <subfield code="d">1585-1672</subfield>
            <subfield code="9">(DE-588)11861116X</subfield>
          </datafield>
          <datafield tag="PPE" ind1="-" ind2="2">
            <subfield code="p">Sagittario, Henrico</subfield>
            <subfield code="d">1585-1672</subfield>
            <subfield code="9">(DE-588)11861116X</subfield>
          </datafield>
          <datafield tag="PPE" ind1="-" ind2="2">
            <subfield code="p">Schuetz von Pfeilstadt, Henri</subfield>
            <subfield code="d">1585-1672</subfield>
            <subfield code="9">(DE-588)11861116X</subfield>
          </datafield>
          <datafield tag="PPE" ind1="-" ind2="2">
            <subfield code="p">Schüzzius, Heinricus</subfield>
            <subfield code="d">1585-1672</subfield>
            <subfield code="9">(DE-588)11861116X</subfield>
          </datafield>
          <datafield tag="PPE" ind1="-" ind2="2">
            <subfield code="p">Schüzze, Heinrich</subfield>
            <subfield code="d">1585-1672</subfield>
            <subfield code="9">(DE-588)11861116X</subfield>
          </datafield>
          <datafield tag="PPE" ind1="-" ind2="2">
            <subfield code="p">Schüz, Heinrich</subfield>
            <subfield code="d">1585-1672</subfield>
            <subfield code="9">(DE-588)11861116X</subfield>
          </datafield>
          <datafield tag="PPE" ind1="-" ind2="2">
            <subfield code="p">Schüz, Henricus</subfield>
            <subfield code="d">1585-1672</subfield>
            <subfield code="9">(DE-588)11861116X</subfield>
          </datafield>
          <datafield tag="PPE" ind1="-" ind2="2">
            <subfield code="p">Schützius, Henricus</subfield>
            <subfield code="d">1585-1672</subfield>
            <subfield code="9">(DE-588)11861116X</subfield>
          </datafield>
          <datafield tag="PPE" ind1="-" ind2="2">
            <subfield code="p">Schützen, Heinrich</subfield>
            <subfield code="d">1585-1672</subfield>
            <subfield code="9">(DE-588)11861116X</subfield>
          </datafield>
          <datafield tag="PPE" ind1="-" ind2="2">
            <subfield code="p">Schütz, Heinrico</subfield>
            <subfield code="d">1585-1672</subfield>
            <subfield code="9">(DE-588)11861116X</subfield>
          </datafield>
          <datafield tag="PPE" ind1="-" ind2="2">
            <subfield code="p">Schütz, ...</subfield>
            <subfield code="d">1585-1672</subfield>
            <subfield code="9">(DE-588)11861116X</subfield>
          </datafield>
          <datafield tag="PPE" ind1="-" ind2="2">
            <subfield code="p">Saettario, Enrico</subfield>
            <subfield code="d">1585-1672</subfield>
            <subfield code="9">(DE-588)11861116X</subfield>
          </datafield>
          <datafield tag="PPE" ind1="-" ind2="2">
            <subfield code="p">Schütz, Henrich</subfield>
            <subfield code="d">1585-1672</subfield>
            <subfield code="9">(DE-588)11861116X</subfield>
          </datafield>
          <datafield tag="PPE" ind1="-" ind2="2">
            <subfield code="p">Schütz, Hinrich</subfield>
            <subfield code="d">1585-1672</subfield>
            <subfield code="9">(DE-588)11861116X</subfield>
          </datafield>
          <datafield tag="PPE" ind1="-" ind2="2">
            <subfield code="p">Schütz, Henricus</subfield>
            <subfield code="d">1585-1672</subfield>
            <subfield code="9">(DE-588)11861116X</subfield>
          </datafield>
          <datafield tag="PPE" ind1="-" ind2="2">
            <subfield code="p">Schütz, H.</subfield>
            <subfield code="d">1585-1672</subfield>
            <subfield code="9">(DE-588)11861116X</subfield>
          </datafield>
          <datafield tag="PPE" ind1="-" ind2="2">
            <subfield code="p">Schütze, Henrich</subfield>
            <subfield code="d">1585-1672</subfield>
            <subfield code="9">(DE-588)11861116X</subfield>
          </datafield>
          <datafield tag="PPE" ind1="-" ind2="2">
            <subfield code="p">Schütze, Heinrich</subfield>
            <subfield code="d">1585-1672</subfield>
            <subfield code="9">(DE-588)11861116X</subfield>
          </datafield>
          <datafield tag="PPE" ind1="-" ind2="2">
            <subfield code="p">Schutz, Heinrich</subfield>
            <subfield code="d">1585-1672</subfield>
            <subfield code="9">(DE-588)11861116X</subfield>
          </datafield>
          <datafield tag="PPE" ind1="-" ind2="2">
            <subfield code="p">Sagittarius, Henricus</subfield>
            <subfield code="d">1585-1672</subfield>
            <subfield code="9">(DE-588)11861116X</subfield>
          </datafield>
          <datafield tag="PPE" ind1="-" ind2="2">
            <subfield code="p">Sagittarius, Heinricus</subfield>
            <subfield code="d">1585-1672</subfield>
            <subfield code="9">(DE-588)11861116X</subfield>
          </datafield>
          <datafield tag="PPE" ind1="-" ind2="2">
            <subfield code="p">Sagittario, Henrico</subfield>
            <subfield code="d">1585-1672</subfield>
            <subfield code="9">(DE-588)11861116X</subfield>
          </datafield>
          <datafield tag="PPE" ind1="-" ind2="2">
            <subfield code="p">Schuetz von Pfeilstadt, Henri</subfield>
            <subfield code="d">1585-1672</subfield>
            <subfield code="9">(DE-588)11861116X</subfield>
          </datafield>
          <datafield tag="PPE" ind1="-" ind2="2">
            <subfield code="p">Schüzzius, Heinricus</subfield>
            <subfield code="d">1585-1672</subfield>
            <subfield code="9">(DE-588)11861116X</subfield>
          </datafield>
          <datafield tag="PPE" ind1="-" ind2="2">
            <subfield code="p">Schüzze, Heinrich</subfield>
            <subfield code="d">1585-1672</subfield>
            <subfield code="9">(DE-588)11861116X</subfield>
          </datafield>
          <datafield tag="PPE" ind1="-" ind2="2">
            <subfield code="p">Schüz, Heinrich</subfield>
            <subfield code="d">1585-1672</subfield>
            <subfield code="9">(DE-588)11861116X</subfield>
          </datafield>
          <datafield tag="PPE" ind1="-" ind2="2">
            <subfield code="p">Schüz, Henricus</subfield>
            <subfield code="d">1585-1672</subfield>
            <subfield code="9">(DE-588)11861116X</subfield>
          </datafield>
          <datafield tag="PPE" ind1="-" ind2="2">
            <subfield code="p">Schützius, Henricus</subfield>
            <subfield code="d">1585-1672</subfield>
            <subfield code="9">(DE-588)11861116X</subfield>
          </datafield>
          <datafield tag="PPE" ind1="-" ind2="2">
            <subfield code="p">Schützen, Heinrich</subfield>
            <subfield code="d">1585-1672</subfield>
            <subfield code="9">(DE-588)11861116X</subfield>
          </datafield>
          <datafield tag="PPE" ind1="-" ind2="2">
            <subfield code="p">Schütz, Heinrico</subfield>
            <subfield code="d">1585-1672</subfield>
            <subfield code="9">(DE-588)11861116X</subfield>
          </datafield>
          <datafield tag="PKO" ind1="-" ind2="2">
            <subfield code="k">International Heinrich Schütz Society</subfield>
            <subfield code="9">(DE-588)1016713-4</subfield>
          </datafield>
          <datafield tag="PKO" ind1="-" ind2="2">
            <subfield code="k">Heinrich Schütz Society</subfield>
            <subfield code="9">(DE-588)1016713-4</subfield>
          </datafield>
          <datafield tag="PKO" ind1="-" ind2="2">
            <subfield code="k">Schütz Society</subfield>
            <subfield code="h">Internationale Heinrich-Schütz-Gesellschaft</subfield>
            <subfield code="9">(DE-588)1016713-4</subfield>
          </datafield>
          <datafield tag="PKO" ind1="-" ind2="2">
            <subfield code="k">Société Internationale Heinrich Schütz</subfield>
            <subfield code="9">(DE-588)1016713-4</subfield>
          </datafield>
          <datafield tag="PKO" ind1="-" ind2="2">
            <subfield code="k">Heinrich-Schütz-Gesellschaft</subfield>
            <subfield code="9">(DE-588)1016713-4</subfield>
          </datafield>
          <datafield tag="PKO" ind1="-" ind2="2">
            <subfield code="k">Schütz-Gesellschaft</subfield>
            <subfield code="h">1963 -</subfield>
            <subfield code="9">(DE-588)1016713-4</subfield>
          </datafield>
          <datafield tag="PKO" ind1="-" ind2="2">
            <subfield code="k">ISG</subfield>
            <subfield code="9">(DE-588)1016713-4</subfield>
          </datafield>
          <datafield tag="PKO" ind1="-" ind2="2">
            <subfield code="k">Internationale Heinrich-Schütz-Gesellschaft e. V.</subfield>
            <subfield code="9">(DE-588)1016713-4</subfield>
          </datafield>
          <datafield tag="PKO" ind1="-" ind2="2">
            <subfield code="k">International Heinrich Schütz Society</subfield>
            <subfield code="9">(DE-588)1016713-4</subfield>
          </datafield>
          <datafield tag="PKO" ind1="-" ind2="2">
            <subfield code="k">Heinrich Schütz Society</subfield>
            <subfield code="9">(DE-588)1016713-4</subfield>
          </datafield>
          <datafield tag="PKO" ind1="-" ind2="2">
            <subfield code="k">Schütz Society</subfield>
            <subfield code="h">Internationale Heinrich-Schütz-Gesellschaft</subfield>
            <subfield code="9">(DE-588)1016713-4</subfield>
          </datafield>
          <datafield tag="PKO" ind1="-" ind2="2">
            <subfield code="k">Société Internationale Heinrich Schütz</subfield>
            <subfield code="9">(DE-588)1016713-4</subfield>
          </datafield>
          <datafield tag="PKO" ind1="-" ind2="2">
            <subfield code="k">Heinrich-Schütz-Gesellschaft</subfield>
            <subfield code="9">(DE-588)1016713-4</subfield>
          </datafield>
          <datafield tag="PKO" ind1="-" ind2="2">
            <subfield code="k">Schütz-Gesellschaft</subfield>
            <subfield code="h">1963 -</subfield>
            <subfield code="9">(DE-588)1016713-4</subfield>
          </datafield>
          <datafield tag="PKO" ind1="-" ind2="2">
            <subfield code="k">ISG</subfield>
            <subfield code="9">(DE-588)1016713-4</subfield>
          </datafield>
          <datafield tag="PKO" ind1="-" ind2="2">
            <subfield code="k">Internationale Heinrich-Schütz-Gesellschaft e. V.</subfield>
            <subfield code="9">(DE-588)1016713-4</subfield>
          </datafield>
          <datafield tag="PKO" ind1="-" ind2="2">
            <subfield code="k">International Heinrich Schütz Society</subfield>
            <subfield code="9">(DE-588)1016713-4</subfield>
          </datafield>
          <datafield tag="PKO" ind1="-" ind2="2">
            <subfield code="k">Heinrich Schütz Society</subfield>
            <subfield code="9">(DE-588)1016713-4</subfield>
          </datafield>
          <datafield tag="PKO" ind1="-" ind2="2">
            <subfield code="k">Schütz Society</subfield>
            <subfield code="h">Internationale Heinrich-Schütz-Gesellschaft</subfield>
            <subfield code="9">(DE-588)1016713-4</subfield>
          </datafield>
          <datafield tag="PKO" ind1="-" ind2="2">
            <subfield code="k">Société Internationale Heinrich Schütz</subfield>
            <subfield code="9">(DE-588)1016713-4</subfield>
          </datafield>
          <datafield tag="PKO" ind1="-" ind2="2">
            <subfield code="k">Heinrich-Schütz-Gesellschaft</subfield>
            <subfield code="9">(DE-588)1016713-4</subfield>
          </datafield>
          <datafield tag="PKO" ind1="-" ind2="2">
            <subfield code="k">Schütz-Gesellschaft</subfield>
            <subfield code="h">1963 -</subfield>
            <subfield code="9">(DE-588)1016713-4</subfield>
          </datafield>
          <datafield tag="PKO" ind1="-" ind2="2">
            <subfield code="k">ISG</subfield>
            <subfield code="9">(DE-588)1016713-4</subfield>
          </datafield>
          <datafield tag="PKO" ind1="-" ind2="2">
            <subfield code="k">Internationale Heinrich-Schütz-Gesellschaft e. V.</subfield>
            <subfield code="9">(DE-588)1016713-4</subfield>
          </datafield>
          <datafield tag="PKO" ind1="-" ind2="2">
            <subfield code="k">International Heinrich Schütz Society</subfield>
            <subfield code="9">(DE-588)1016713-4</subfield>
          </datafield>
          <datafield tag="PKO" ind1="-" ind2="2">
            <subfield code="k">Heinrich Schütz Society</subfield>
            <subfield code="9">(DE-588)1016713-4</subfield>
          </datafield>
          <datafield tag="PKO" ind1="-" ind2="2">
            <subfield code="k">Schütz Society</subfield>
            <subfield code="h">Internationale Heinrich-Schütz-Gesellschaft</subfield>
            <subfield code="9">(DE-588)1016713-4</subfield>
          </datafield>
          <datafield tag="PKO" ind1="-" ind2="2">
            <subfield code="k">Société Internationale Heinrich Schütz</subfield>
            <subfield code="9">(DE-588)1016713-4</subfield>
          </datafield>
          <datafield tag="PKO" ind1="-" ind2="2">
            <subfield code="k">Heinrich-Schütz-Gesellschaft</subfield>
            <subfield code="9">(DE-588)1016713-4</subfield>
          </datafield>
          <datafield tag="PKO" ind1="-" ind2="2">
            <subfield code="k">Schütz-Gesellschaft</subfield>
            <subfield code="h">1963 -</subfield>
            <subfield code="9">(DE-588)1016713-4</subfield>
          </datafield>
          <datafield tag="PKO" ind1="-" ind2="2">
            <subfield code="k">ISG</subfield>
            <subfield code="9">(DE-588)1016713-4</subfield>
          </datafield>
          <datafield tag="PKO" ind1="-" ind2="2">
            <subfield code="k">Internationale Heinrich-Schütz-Gesellschaft e. V.</subfield>
            <subfield code="9">(DE-588)1016713-4</subfield>
          </datafield>
          <datafield tag="PKO" ind1="-" ind2="2">
            <subfield code="k">International Heinrich Schütz Society</subfield>
            <subfield code="9">(DE-588)1016713-4</subfield>
          </datafield>
          <datafield tag="PKO" ind1="-" ind2="2">
            <subfield code="k">Heinrich Schütz Society</subfield>
            <subfield code="9">(DE-588)1016713-4</subfield>
          </datafield>
          <datafield tag="PKO" ind1="-" ind2="2">
            <subfield code="k">Schütz Society</subfield>
            <subfield code="h">Internationale Heinrich-Schütz-Gesellschaft</subfield>
            <subfield code="9">(DE-588)1016713-4</subfield>
          </datafield>
          <datafield tag="PKO" ind1="-" ind2="2">
            <subfield code="k">Société Internationale Heinrich Schütz</subfield>
            <subfield code="9">(DE-588)1016713-4</subfield>
          </datafield>
          <datafield tag="PKO" ind1="-" ind2="2">
            <subfield code="k">Heinrich-Schütz-Gesellschaft</subfield>
            <subfield code="9">(DE-588)1016713-4</subfield>
          </datafield>
          <datafield tag="PKO" ind1="-" ind2="2">
            <subfield code="k">Schütz-Gesellschaft</subfield>
            <subfield code="h">1963 -</subfield>
            <subfield code="9">(DE-588)1016713-4</subfield>
          </datafield>
          <datafield tag="PKO" ind1="-" ind2="2">
            <subfield code="k">ISG</subfield>
            <subfield code="9">(DE-588)1016713-4</subfield>
          </datafield>
          <datafield tag="PKO" ind1="-" ind2="2">
            <subfield code="k">Internationale Heinrich-Schütz-Gesellschaft e. V.</subfield>
            <subfield code="9">(DE-588)1016713-4</subfield>
          </datafield>
          <datafield tag="PKO" ind1="-" ind2="2">
            <subfield code="k">International Heinrich Schütz Society</subfield>
            <subfield code="9">(DE-588)1016713-4</subfield>
          </datafield>
          <datafield tag="PKO" ind1="-" ind2="2">
            <subfield code="k">Heinrich Schütz Society</subfield>
            <subfield code="9">(DE-588)1016713-4</subfield>
          </datafield>
          <datafield tag="PKO" ind1="-" ind2="2">
            <subfield code="k">Schütz Society</subfield>
            <subfield code="h">Internationale Heinrich-Schütz-Gesellschaft</subfield>
            <subfield code="9">(DE-588)1016713-4</subfield>
          </datafield>
          <datafield tag="PKO" ind1="-" ind2="2">
            <subfield code="k">Société Internationale Heinrich Schütz</subfield>
            <subfield code="9">(DE-588)1016713-4</subfield>
          </datafield>
          <datafield tag="PKO" ind1="-" ind2="2">
            <subfield code="k">Heinrich-Schütz-Gesellschaft</subfield>
            <subfield code="9">(DE-588)1016713-4</subfield>
          </datafield>
          <datafield tag="PKO" ind1="-" ind2="2">
            <subfield code="k">Schütz-Gesellschaft</subfield>
            <subfield code="h">1963 -</subfield>
            <subfield code="9">(DE-588)1016713-4</subfield>
          </datafield>
          <datafield tag="PKO" ind1="-" ind2="2">
            <subfield code="k">ISG</subfield>
            <subfield code="9">(DE-588)1016713-4</subfield>
          </datafield>
          <datafield tag="PKO" ind1="-" ind2="2">
            <subfield code="k">Internationale Heinrich-Schütz-Gesellschaft e. V.</subfield>
            <subfield code="9">(DE-588)1016713-4</subfield>
          </datafield>
          <datafield tag="PKO" ind1="-" ind2="2">
            <subfield code="k">Schütz-Gesellschaft</subfield>
            <subfield code="h">1929 - 1963</subfield>
            <subfield code="9">(DE-588)5011212-0</subfield>
          </datafield>
          <datafield tag="PKO" ind1="-" ind2="2">
            <subfield code="k">Schütz-Gesellschaft</subfield>
            <subfield code="h">1929 - 1963</subfield>
            <subfield code="9">(DE-588)5011212-0</subfield>
          </datafield>
          <datafield tag="PPE" ind1="-" ind2="2">
            <subfield code="p">Schütz, ...</subfield>
            <subfield code="d">1585-1672</subfield>
            <subfield code="9">(DE-588)11861116X</subfield>
          </datafield>
          <datafield tag="PPE" ind1="-" ind2="2">
            <subfield code="p">Saettario, Enrico</subfield>
            <subfield code="d">1585-1672</subfield>
            <subfield code="9">(DE-588)11861116X</subfield>
          </datafield>
          <datafield tag="PPE" ind1="-" ind2="2">
            <subfield code="p">Schütz, Henrich</subfield>
            <subfield code="d">1585-1672</subfield>
            <subfield code="9">(DE-588)11861116X</subfield>
          </datafield>
          <datafield tag="PPE" ind1="-" ind2="2">
            <subfield code="p">Schütz, Hinrich</subfield>
            <subfield code="d">1585-1672</subfield>
            <subfield code="9">(DE-588)11861116X</subfield>
          </datafield>
          <datafield tag="PPE" ind1="-" ind2="2">
            <subfield code="p">Schütz, Henricus</subfield>
            <subfield code="d">1585-1672</subfield>
            <subfield code="9">(DE-588)11861116X</subfield>
          </datafield>
          <datafield tag="PPE" ind1="-" ind2="2">
            <subfield code="p">Schütz, H.</subfield>
            <subfield code="d">1585-1672</subfield>
            <subfield code="9">(DE-588)11861116X</subfield>
          </datafield>
          <datafield tag="PPE" ind1="-" ind2="2">
            <subfield code="p">Schütze, Henrich</subfield>
            <subfield code="d">1585-1672</subfield>
            <subfield code="9">(DE-588)11861116X</subfield>
          </datafield>
          <datafield tag="PPE" ind1="-" ind2="2">
            <subfield code="p">Schütze, Heinrich</subfield>
            <subfield code="d">1585-1672</subfield>
            <subfield code="9">(DE-588)11861116X</subfield>
          </datafield>
          <datafield tag="PPE" ind1="-" ind2="2">
            <subfield code="p">Schutz, Heinrich</subfield>
            <subfield code="d">1585-1672</subfield>
            <subfield code="9">(DE-588)11861116X</subfield>
          </datafield>
          <datafield tag="PPE" ind1="-" ind2="2">
            <subfield code="p">Sagittarius, Henricus</subfield>
            <subfield code="d">1585-1672</subfield>
            <subfield code="9">(DE-588)11861116X</subfield>
          </datafield>
          <datafield tag="PPE" ind1="-" ind2="2">
            <subfield code="p">Sagittarius, Heinricus</subfield>
            <subfield code="d">1585-1672</subfield>
            <subfield code="9">(DE-588)11861116X</subfield>
          </datafield>
          <datafield tag="PPE" ind1="-" ind2="2">
            <subfield code="p">Sagittario, Henrico</subfield>
            <subfield code="d">1585-1672</subfield>
            <subfield code="9">(DE-588)11861116X</subfield>
          </datafield>
          <datafield tag="PPE" ind1="-" ind2="2">
            <subfield code="p">Schuetz von Pfeilstadt, Henri</subfield>
            <subfield code="d">1585-1672</subfield>
            <subfield code="9">(DE-588)11861116X</subfield>
          </datafield>
          <datafield tag="PPE" ind1="-" ind2="2">
            <subfield code="p">Schüzzius, Heinricus</subfield>
            <subfield code="d">1585-1672</subfield>
            <subfield code="9">(DE-588)11861116X</subfield>
          </datafield>
          <datafield tag="PPE" ind1="-" ind2="2">
            <subfield code="p">Schüzze, Heinrich</subfield>
            <subfield code="d">1585-1672</subfield>
            <subfield code="9">(DE-588)11861116X</subfield>
          </datafield>
          <datafield tag="PPE" ind1="-" ind2="2">
            <subfield code="p">Schüz, Heinrich</subfield>
            <subfield code="d">1585-1672</subfield>
            <subfield code="9">(DE-588)11861116X</subfield>
          </datafield>
          <datafield tag="PPE" ind1="-" ind2="2">
            <subfield code="p">Schüz, Henricus</subfield>
            <subfield code="d">1585-1672</subfield>
            <subfield code="9">(DE-588)11861116X</subfield>
          </datafield>
          <datafield tag="PPE" ind1="-" ind2="2">
            <subfield code="p">Schützius, Henricus</subfield>
            <subfield code="d">1585-1672</subfield>
            <subfield code="9">(DE-588)11861116X</subfield>
          </datafield>
          <datafield tag="PPE" ind1="-" ind2="2">
            <subfield code="p">Schützen, Heinrich</subfield>
            <subfield code="d">1585-1672</subfield>
            <subfield code="9">(DE-588)11861116X</subfield>
          </datafield>
          <datafield tag="PPE" ind1="-" ind2="2">
            <subfield code="p">Schütz, Heinrico</subfield>
            <subfield code="d">1585-1672</subfield>
            <subfield code="9">(DE-588)11861116X</subfield>
          </datafield>
          <datafield tag="PPE" ind1="-" ind2="2">
            <subfield code="p">Schütz, ...</subfield>
            <subfield code="d">1585-1672</subfield>
            <subfield code="9">(DE-588)11861116X</subfield>
          </datafield>
          <datafield tag="PPE" ind1="-" ind2="2">
            <subfield code="p">Saettario, Enrico</subfield>
            <subfield code="d">1585-1672</subfield>
            <subfield code="9">(DE-588)11861116X</subfield>
          </datafield>
          <datafield tag="PPE" ind1="-" ind2="2">
            <subfield code="p">Schütz, Henrich</subfield>
            <subfield code="d">1585-1672</subfield>
            <subfield code="9">(DE-588)11861116X</subfield>
          </datafield>
          <datafield tag="PPE" ind1="-" ind2="2">
            <subfield code="p">Schütz, Hinrich</subfield>
            <subfield code="d">1585-1672</subfield>
            <subfield code="9">(DE-588)11861116X</subfield>
          </datafield>
          <datafield tag="PPE" ind1="-" ind2="2">
            <subfield code="p">Schütz, Henricus</subfield>
            <subfield code="d">1585-1672</subfield>
            <subfield code="9">(DE-588)11861116X</subfield>
          </datafield>
          <datafield tag="PPE" ind1="-" ind2="2">
            <subfield code="p">Schütz, H.</subfield>
            <subfield code="d">1585-1672</subfield>
            <subfield code="9">(DE-588)11861116X</subfield>
          </datafield>
          <datafield tag="PPE" ind1="-" ind2="2">
            <subfield code="p">Schütze, Henrich</subfield>
            <subfield code="d">1585-1672</subfield>
            <subfield code="9">(DE-588)11861116X</subfield>
          </datafield>
          <datafield tag="PPE" ind1="-" ind2="2">
            <subfield code="p">Schütze, Heinrich</subfield>
            <subfield code="d">1585-1672</subfield>
            <subfield code="9">(DE-588)11861116X</subfield>
          </datafield>
          <datafield tag="PPE" ind1="-" ind2="2">
            <subfield code="p">Schutz, Heinrich</subfield>
            <subfield code="d">1585-1672</subfield>
            <subfield code="9">(DE-588)11861116X</subfield>
          </datafield>
          <datafield tag="PPE" ind1="-" ind2="2">
            <subfield code="p">Sagittarius, Henricus</subfield>
            <subfield code="d">1585-1672</subfield>
            <subfield code="9">(DE-588)11861116X</subfield>
          </datafield>
          <datafield tag="PPE" ind1="-" ind2="2">
            <subfield code="p">Sagittarius, Heinricus</subfield>
            <subfield code="d">1585-1672</subfield>
            <subfield code="9">(DE-588)11861116X</subfield>
          </datafield>
          <datafield tag="PPE" ind1="-" ind2="2">
            <subfield code="p">Sagittario, Henrico</subfield>
            <subfield code="d">1585-1672</subfield>
            <subfield code="9">(DE-588)11861116X</subfield>
          </datafield>
          <datafield tag="PPE" ind1="-" ind2="2">
            <subfield code="p">Schuetz von Pfeilstadt, Henri</subfield>
            <subfield code="d">1585-1672</subfield>
            <subfield code="9">(DE-588)11861116X</subfield>
          </datafield>
          <datafield tag="PPE" ind1="-" ind2="2">
            <subfield code="p">Schüzzius, Heinricus</subfield>
            <subfield code="d">1585-1672</subfield>
            <subfield code="9">(DE-588)11861116X</subfield>
          </datafield>
          <datafield tag="PPE" ind1="-" ind2="2">
            <subfield code="p">Schüzze, Heinrich</subfield>
            <subfield code="d">1585-1672</subfield>
            <subfield code="9">(DE-588)11861116X</subfield>
          </datafield>
          <datafield tag="PPE" ind1="-" ind2="2">
            <subfield code="p">Schüz, Heinrich</subfield>
            <subfield code="d">1585-1672</subfield>
            <subfield code="9">(DE-588)11861116X</subfield>
          </datafield>
          <datafield tag="PPE" ind1="-" ind2="2">
            <subfield code="p">Schüz, Henricus</subfield>
            <subfield code="d">1585-1672</subfield>
            <subfield code="9">(DE-588)11861116X</subfield>
          </datafield>
          <datafield tag="PPE" ind1="-" ind2="2">
            <subfield code="p">Schützius, Henricus</subfield>
            <subfield code="d">1585-1672</subfield>
            <subfield code="9">(DE-588)11861116X</subfield>
          </datafield>
          <datafield tag="PPE" ind1="-" ind2="2">
            <subfield code="p">Schützen, Heinrich</subfield>
            <subfield code="d">1585-1672</subfield>
            <subfield code="9">(DE-588)11861116X</subfield>
          </datafield>
          <datafield tag="PPE" ind1="-" ind2="2">
            <subfield code="p">Schütz, Heinrico</subfield>
            <subfield code="d">1585-1672</subfield>
            <subfield code="9">(DE-588)11861116X</subfield>
          </datafield>
          <datafield tag="PPE" ind1="-" ind2="2">
            <subfield code="p">Schütz, ...</subfield>
            <subfield code="d">1585-1672</subfield>
            <subfield code="9">(DE-588)11861116X</subfield>
          </datafield>
          <datafield tag="PPE" ind1="-" ind2="2">
            <subfield code="p">Saettario, Enrico</subfield>
            <subfield code="d">1585-1672</subfield>
            <subfield code="9">(DE-588)11861116X</subfield>
          </datafield>
          <datafield tag="PPE" ind1="-" ind2="2">
            <subfield code="p">Schütz, Henrich</subfield>
            <subfield code="d">1585-1672</subfield>
            <subfield code="9">(DE-588)11861116X</subfield>
          </datafield>
          <datafield tag="PPE" ind1="-" ind2="2">
            <subfield code="p">Schütz, Hinrich</subfield>
            <subfield code="d">1585-1672</subfield>
            <subfield code="9">(DE-588)11861116X</subfield>
          </datafield>
          <datafield tag="PPE" ind1="-" ind2="2">
            <subfield code="p">Schütz, Henricus</subfield>
            <subfield code="d">1585-1672</subfield>
            <subfield code="9">(DE-588)11861116X</subfield>
          </datafield>
          <datafield tag="PPE" ind1="-" ind2="2">
            <subfield code="p">Schütz, H.</subfield>
            <subfield code="d">1585-1672</subfield>
            <subfield code="9">(DE-588)11861116X</subfield>
          </datafield>
          <datafield tag="PPE" ind1="-" ind2="2">
            <subfield code="p">Schütze, Henrich</subfield>
            <subfield code="d">1585-1672</subfield>
            <subfield code="9">(DE-588)11861116X</subfield>
          </datafield>
          <datafield tag="PPE" ind1="-" ind2="2">
            <subfield code="p">Schütze, Heinrich</subfield>
            <subfield code="d">1585-1672</subfield>
            <subfield code="9">(DE-588)11861116X</subfield>
          </datafield>
          <datafield tag="PPE" ind1="-" ind2="2">
            <subfield code="p">Schutz, Heinrich</subfield>
            <subfield code="d">1585-1672</subfield>
            <subfield code="9">(DE-588)11861116X</subfield>
          </datafield>
          <datafield tag="PPE" ind1="-" ind2="2">
            <subfield code="p">Sagittarius, Henricus</subfield>
            <subfield code="d">1585-1672</subfield>
            <subfield code="9">(DE-588)11861116X</subfield>
          </datafield>
          <datafield tag="PPE" ind1="-" ind2="2">
            <subfield code="p">Sagittarius, Heinricus</subfield>
            <subfield code="d">1585-1672</subfield>
            <subfield code="9">(DE-588)11861116X</subfield>
          </datafield>
          <datafield tag="PPE" ind1="-" ind2="2">
            <subfield code="p">Sagittario, Henrico</subfield>
            <subfield code="d">1585-1672</subfield>
            <subfield code="9">(DE-588)11861116X</subfield>
          </datafield>
          <datafield tag="PPE" ind1="-" ind2="2">
            <subfield code="p">Schuetz von Pfeilstadt, Henri</subfield>
            <subfield code="d">1585-1672</subfield>
            <subfield code="9">(DE-588)11861116X</subfield>
          </datafield>
          <datafield tag="PPE" ind1="-" ind2="2">
            <subfield code="p">Schüzzius, Heinricus</subfield>
            <subfield code="d">1585-1672</subfield>
            <subfield code="9">(DE-588)11861116X</subfield>
          </datafield>
          <datafield tag="PPE" ind1="-" ind2="2">
            <subfield code="p">Schüzze, Heinrich</subfield>
            <subfield code="d">1585-1672</subfield>
            <subfield code="9">(DE-588)11861116X</subfield>
          </datafield>
          <datafield tag="PPE" ind1="-" ind2="2">
            <subfield code="p">Schüz, Heinrich</subfield>
            <subfield code="d">1585-1672</subfield>
            <subfield code="9">(DE-588)11861116X</subfield>
          </datafield>
          <datafield tag="PPE" ind1="-" ind2="2">
            <subfield code="p">Schüz, Henricus</subfield>
            <subfield code="d">1585-1672</subfield>
            <subfield code="9">(DE-588)11861116X</subfield>
          </datafield>
          <datafield tag="PPE" ind1="-" ind2="2">
            <subfield code="p">Schützius, Henricus</subfield>
            <subfield code="d">1585-1672</subfield>
            <subfield code="9">(DE-588)11861116X</subfield>
          </datafield>
          <datafield tag="PPE" ind1="-" ind2="2">
            <subfield code="p">Schützen, Heinrich</subfield>
            <subfield code="d">1585-1672</subfield>
            <subfield code="9">(DE-588)11861116X</subfield>
          </datafield>
          <datafield tag="PPE" ind1="-" ind2="2">
            <subfield code="p">Schütz, Heinrico</subfield>
            <subfield code="d">1585-1672</subfield>
            <subfield code="9">(DE-588)11861116X</subfield>
          </datafield>
          <datafield tag="700" ind1=" " ind2=" ">
            <subfield code="a">KGXS</subfield>
          </datafield>
          <datafield tag="OWN" ind1=" " ind2=" ">
            <subfield code="a">P0001</subfield>
            <subfield code="n">466 - Paderborn: UB</subfield>
          </datafield>
          <datafield tag="PLK" ind1=" " ind2=" ">
            <subfield code="a">UP</subfield>
            <subfield code="l">PAD01</subfield>
            <subfield code="b">000242253</subfield>
            <subfield code="m">Band 34/35;^.^Größere Kirchenkonzerte.^2015</subfield>
            <subfield code="n">Neue Ausgabe sämtlicher Werke.^1955</subfield>
          </datafield>
          <datafield tag="LOC" ind1=" " ind2=" ">
            <subfield code="m">BOOK</subfield>
            <subfield code="a">P0001</subfield>
            <subfield code="b">03</subfield>
            <subfield code="d">MQ28583</subfield>
            <subfield code="i">16/383</subfield>
            <subfield code="n">21</subfield>
            <subfield code="k">20160112</subfield>
            <subfield code="5">1839157-10</subfield>
          </datafield>
        </record>
      </metadata>
    </record>
  </ListRecords>
</OAI-PMH>
